2852 4982
246 469 287 536 32
527 465 568 531 P.
601 465 778 534 ovlntt
806 463 1033 536 NASONIS

273 681 277 688 ,
295 607 455 706 Caecaque
472 633 525 678 me
542 605 689 706 praedam
705 604 830 680 fecerat
845 605 895 681 ira
912 633 1026 696 suam3

242 726 364 798 Nonne
383 723 463 796 satis
481 722 590 796 furerat
607 721 732 814 timidae
748 721 943 798 inclamasse
959 723 1098 825 puellae,
1287 749 1320 818 45

291 843 362 912 Nec
379 838 521 912 nimium
538 837 663 934 rigidas
679 839 868 914 intonuisse
883 839 1021 916 minas?
1121 892 1124 904 ·

205 1041 209 1050 Ι
244 960 317 1031 Aut
337 951 485 1030 tunicam
503 983 633 1030 summa
649 955 812 1032 deducere
830 957 974 1058 turpiter
994 983 1053 1032 om

295 1072 350 1148 Ad
368 1073 531 1146 mediam?
546 1071 663 1146 mediae
680 1101 765 1145 zona
783 1070 916 1146 tulisset
930 1099 1038 1173 opem.

244 1194 292 1266 At
307 1219 398 1264 nunc
417 1189 582 1276 sustinui,
599 1189 706 1290 raptis
722 1217 741 1264 a
757 1189 869 1264 fronte
887 1189 1039 1291 capillis,

293 1309 434 1380 Ferreus
452 1306 615 1401 ingenuas
632 1333 747 1401 ungue
762 1323 881 1378 notare
899 1333 1011 1402 genas.
1290 1331 1323 1382 sa

242 1422 388 1496 Adstitit
403 1420 461 1496 illa
478 1449 607 1510 amens,
626 1421 723 1511 elbo,
743 1440 778 1496 et
795 1422 867 1496 sine
884 1422 1065 1519 sanguine,
1083 1421 1199 1510 vultu,
1295 1471 1299 1478 -

295 1537 478 1611 Caeduntur
495 1538 603 1610 Pariis
621 1538 733 1638 qualia
750 1567 827 1612 saxa
843 1537 943 1636 jugis.

244 1657 422 1730 Exanimes
440 1673 548 1743 artus,
567 1672 602 1728 et
617 1657 767 1730 membra
784 1656 960 1729 trementia
977 1656 1062 1746 vidi;

293 1775 342 1845 Ut
361 1799 465 1872 quum
481 1769 644 1871 populeas
661 1771 801 1844 ventilat
816 1799 896 1844 aura
913 1799 1043 1860 comas;

242 1891 292 1960 Ut
308 1887 375 1960 leni
393 1886 547 1988 Zephyro
566 1885 697 1984 gracilis
714 1887 866 1960 vibratur
883 1886 1013 1962 arundo
1029 1917 1038 1978 ;

293 2005 467 2078 Summave
486 2031 590 2102 quum
608 2002 722 2103 tepido
741 2003 919 2098 stringitur
936 2004 1027 2080 unda
1039 2006 1141 2080 Noto.
1193 2079 1197 2088 ,

244 2121 487 2220 Suspensaeque
506 2118 564 2190 diu
581 2117 722 2192 lacrimae
737 2117 860 2194 fluxere
876 2149 1027 2222 perora,
1095 2221 1099 2227 ⁸

242 2282 359 2354 predam
367 2282 471 2336 voranti
479 2287 543 2334 r'rum
551 2281 610 2349 jure
620 2281 756 2336 adsimilat.
805 2303 906 2346 amens,
914 2284 992 2338 multi
997 2295 1113 2350 veteres,
1122 2299 1224 2350 gemeres
1233 2299 1241 2334 .·
1251 2279 1320 2347 duo,

275 2363 315 2429 46.
323 2365 565 2414 Intonmtsemaras.
578 2361 673 2412 Marus
684 2361 757 2412 Nea-
806 2365 917 2414 demeres.
923 2361 1007 2431 Lego,
1016 2369 1125 2414 tremens
1128 2361 1224 2429 pavido
1230 2366 1259 2412 et
1265 2364 1322 2412 seire

242 2437 613 2510 politannsetJuniantrstsed
621 2437 757 2492 nihilmu-
805 2433 1321 2508 sangurbevultu.Nisiproamerrs,malis

242 2518 373 2580 tandunu
386 2518 435 2570 nisi
449 2517 543 2586 reponi
556 2516 670 2585 placeret
683 2532 690 2566 ι
801 2538 907 2587 parens.
917 2520 984 2572 Met.
998 2534 1038 2584 vr,
1049 2521 1107 2586 527,
1118 2517 1151 2570 de
1160 2515 1321 2570 Philomela:

266 2604 309 2644 Nee
317 2605 424 2642 minimum
434 2604 507 2653 rigidas
518 2603 627 2642 intonuisse
634 2603 704 2642 mins.
805 2611 844 2650 1112
853 2611 932 2658 mit,
944 2609 998 2648 velue
1004 2622 1054 2659 ,gns
1061 2619 1143 2659 lame,
1150 2621 1194 2660 qu.
1202 2606 1269 2645 unsis
1277 2606 1322 2644 eni

243 2681 299 2732 Nec
310 2682 450 2737 mantheum,
464 2675 629 2745 subintellige
635 2676 734 2744 suerat.
808 2683 850 2722 oce
858 2695 940 2722 seems·
950 2683 1001 2734 tupi.
1027 2699 1029 2707 ·

276 2758 316 2824 47.
337 2758 396 2808 Ora.
410 2756 492 2808 Recte
506 2765 615 2816 estora,
630 2765 686 2808 tarn
694 2754 756 2821 liic,
806 2757 914 2810 -Alta
921 2771 975 2812 non
983 2753 1157 2820 movendum,
1166 2753 1237 2823 quod
1245 2771 1321 2808 conr-

244 2851 323 2902 quarn
335 2835 362 2886 in
374 2833 554 2901 llletarnorpb.
570 2843 597 2886 et
610 2833 755 2902 decipitur,
805 2835 907 2904 paratio
919 2853 934 2886 a
945 2851 1079 2886 marmore
1096 2832 1217 2886 desumto
1229 2834 1323 2900 requi-

244 2931 304 2964 mea
317 2910 427 2979 quidem
439 2911 588 2976 sententia,
611 2910 756 2976 Ciosanus,
806 2916 861 2968 rit:
881 2907 1097 2968 candidissimum
1116 2913 1190 2966 enirn
1208 2915 1321 2967 Panem.

243 2990 289 3058 qui
314 2987 429 3057 Regium
455 2987 597 3058 deceptum
616 3000 706 3044 censet
728 2989 756 3042 in
806 2994 900 3061 Neque
909 2992 989 3046 etiarn
997 2989 1319 3054 amersestmovendum;

241 3068 321 3135 buires
333 3067 468 3135 scripturae
484 3065 660 3120 vindicatione
673 3087 680 3120 ε
693 3083 757 3120 nam
805 3070 832 3122 id
845 3081 884 3122 est
892 3089 943 3125 non
955 3087 1016 3129 sua,
1030 3078 1060 3121 ut
1071 3067 1130 3120 alibl
1143 3066 1220 3129 dicite
1234 3085 1320 3135 quum

241 3146 354 3216 quanti,
379 3146 504 3209 obsecro,
528 3155 568 3198 est
588 3146 668 3199 altera
691 3145 756 3212 illa,
806 3168 882 3202 mens
895 3147 1011 3213 abiisset,
1029 3156 1056 3199 et
1067 3155 1234 3200 consternata
1252 3159 1321 3201 esset

242 3243 324 3294 quam
341 3223 411 3293 ipsus
423 3222 500 3276 nobis
511 3223 667 3276 substituere
680 3241 757 3278 astaus
805 3226 908 3296 impetu
920 3243 996 3287 meos
1009 3235 1037 3278 et
1048 3241 1126 3286 mox,
1146 3227 1257 3276 membra
1267 3231 1320 3278 tre-

242 3303 363 3361 hocloco
375 3322 432 3376 ere,
447 3319 496 3370 pro
505 3301 565 3354 orat
577 3301 688 3356 Donat.
806 3309 903 3358 matra
913 3313 1069 3372 sequuntur.
1080 3303 1178 3359 Bursa

275 3383 315 3450 48.
337 3382 374 3433 Ut
384 3383 500 3434 medriam.
515 3380 606 3433 Scribe
621 3397 682 3432 curn
696 3381 757 3434 Pu·
839 3381 1323 3450 55.Summaocqaumtepritostrrirgr'tur

243 3459 458 3514 teaneoettertio
467 3457 597 3524 Palatino,
609 3457 757 3527 eodemque
804 3463 875 3514 unda
886 3465 953 3514 noto.
968 3460 1054 3528 Ipsam
1068 3479 1127 3514 rem
1143 3459 1253 3514 mirifice
1267 3479 1319 3514 ex-

243 3543 359 3612 optimo‚
374 3551 433 3594 tum
445 3550 473 3593 et
484 3539 570 3608 prima
583 3537 699 3590 editione
711 3555 718 3588 :
806 3537 1000 3609 ponitverburn
1011 3539 1060 3592 boc
1069 3543 1197 3606 strairqere.
1207 3538 1321 3592 Undam

243 3630 287 3670 Aut
296 3633 383 3670 tunicam
393 3643 471 3670 summe
483 3628 578 3667 Munere
586 3629 670 3681 turpiter
678 3641 713 3666 ors
806 3619 896 3685 enlm,
916 3637 1000 3688 quum
1017 3619 1120 3674 levioris
1137 3628 1219 3670 venlu
1238 3617 1320 3670 allatu

267 3702 700 3762 Admediam:medinaonatulissetopem.
713 3701 743 3742 Η.
805 3700 958 3766 impellitur.
980 3697 1086 3767 “lupari
1104 3696 1188 3762 dieas,
1207 3707 1234 3748 et
1246 3697 1321 3764 qumi
1413 3689 1414 3697 l

277 3780 317 3849 49.
335 3780 438 3844 Raptis.
451 3777 487 3830 Et
502 3777 546 3834 hic
564 3775 618 3830 duo
638 3777 756 3832 Vaticani
805 3776 834 3829 in
846 3795 922 3846 rugas
929 3777 1056 3830 contrahi,
1064 3775 1145 3842 Quod
1156 3773 1265 3826 feliciter
1272 3773 1321 3826 ad-

242 3860 323 3922 mptr'r
339 3853 446 3910 babent.
463 3856 606 3922 Francius,
626 3857 694 3910 sorte
710 3868 757 3910 ta·
806 3856 918 3908 modurn
926 3854 1066 3923 expressit,
1080 3854 1187 3922 antiqua
1198 3853 1239 3906 vir
1249 3853 1321 3922 apud

245 3953 309 3988 men
315 3939 428 4000 prensis,
442 3935 570 4003 scripsisse
581 3935 660 3990 Ovid.
672 3937 758 4003 conji—
806 3934 965 3986 recentiores
972 3931 1127 3997 indole,nec
1133 3931 1193 3984 satis
1199 3949 1320 3999 unquam
1412 3927 1413 3930 ¹

243 4013 287 4066 cit.
299 4013 340 4066 lta
352 4022 423 4066 certe
435 4012 545 4080 Noster,
560 4014 628 4068 Met.
639 4030 679 4080 11,
692 4015 756 4085 476:
806 4009 953 4066 laudandus
964 4021 1067 4064 nostras
1087 4013 1128 4062 La
1141 4013 1286 4064 Fortaa'raea

244 4096 301 4138 Dixit
310 4109 316 4143 ;
325 4103 345 4133 et
353 4094 435 4132 adversa
439 4096 516 4146 premis
524 4109 537 4132 e
544 4094 608 4134 fronte
614 4096 698 4146 capillis.
867 4103 897 4140 La
904 4101 995 4140 mainan
1003 4110 1050 4140 veut
1059 4103 1095 4152 qui
1104 4101 1219 4140 savanense

245 4165 318 4224 Nihil
329 4176 419 4220 tamen
431 4167 488 4218 sine
501 4166 571 4220 libris
583 4177 666 4220 muto.
680 4167 711 4218 B.
868 4177 915 4214 Face
923 4175 975 4212 riter
985 4175 1003 4212 ta
1011 4175 1054 4214 fase
1062 4177 1154 4216 masau.

278 4248 318 4296 51.
336 4247 449 4297 Adstitit
464 4247 512 4295 illa
529 4263 616 4297 amens
634 4255 683 4298 etc.
702 4246 756 4296 Pro
804 4248 979 4300 —Sammaae
990 4267 1071 4315 quum.
1084 4247 1237 4318 Elegantius
1249 4265 1317 4300 unus
1411 4259 1412 4309 l
