2852 4982
378 491 616 560 AMORUM
640 491 671 558 1.
706 490 854 560 ELEG.
884 495 930 562 V.

166 633 242 730 Qua
259 629 398 706 timidus
414 631 560 708 latebras
576 649 690 733 speret
706 629 829 706 babere
842 632 969 734 pudor.

123 749 199 824 Eece
218 749 369 823 Corinna
385 749 492 838 venit,
513 747 625 824 tunica
641 747 748 824 velata
764 750 927 842 recincta,

166 863 314 938 Candida
331 864 467 938 dividua
483 863 570 938 oolla
587 882 719 960 tegente
738 893 852 940 coma:

122 987 271 1086 Qualiter
287 987 324 1060 in
341 987 504 1062 thalamos
521 988 669 1064 formosa
686 989 877 1066 Semiramis
895 991 961 1068 isse

165 1110 312 1198 Dicitur,
330 1126 364 1184 et
380 1109 496 1184 multis
513 1112 591 1184 La’is
610 1127 717 1185 amata
733 1112 824 1186 viris.

122 1234 260 1336 Deripui
274 1234 439 1323 tunicam3
456 1261 517 1308 neo
532 1234 679 1310 multum
695 1263 769 1310 rara
782 1235 946 1310 nocebat:

122 1429 216 1498 poetice
229 1429 331 1500 magis,
345 1428 456 1482 dubium
467 1428 520 1482 boo
529 1429 593 1484 lucis
602 1440 630 1482 et
678 1411 824 1483 bumeruin
835 1429 941 1500 rejecta.
954 1427 1069 1484 Videtur
1077 1429 1194 1490 imitatus

122 1509 217 1561 umbras
230 1508 304 1576 quasi
313 1519 467 1574 certamen,
482 1527 562 1575 quarn
571 1527 630 1561 uos·
678 1507 777 1562 Noster
786 1507 958 1577 Apollonium
967 1507 1073 1577 Rhod,
1087 1527 1139 1578 111,
1149 1516 1195 1580 45:

122 1596 213 1640 “illem
225 1589 267 1639 Μ
277 1590 404 1640 F0l¹l⁰¹l¹⁶
410 1627 417 1654 s
433 1595 492 1656 P⁰⁸t
501 1584 630 1639 Olldlum
712 1607 821 1653 Λιυκοὶσι
841 1596 864 1652 tl'
878 1599 977 1673 ἑκάτερθε
993 1603 1065 1667 κόμας
1081 1603 1196 1671 irremissa

122 1665 282 1736 expressisse3
294 1665 340 1735 qui
350 1665 395 1729 sic,
407 1665 452 1718 lib.
460 1681 488 1731 x,
499 1664 562 1718 Fab.
575 1679 611 1720 xv
623 1678 630 1714 :
778 1681 858 1747 ,zm

346 1757 391 1818 ‹501'1
397 1753 503 1806 l⁰r¹s¹¹0¹⁶
511 1755 595 1793 nmero
680 1754 721 1808 Ita
728 1767 756 1809 et
764 1755 830 1810 Stat.
836 1757 923 1810 Theb.
934 1758 976 1811 lib.
986 1775 1050 1828 vnt,
1059 1780 1125 1816 vers.
1131 1765 1181 1838 489
1190 1785 1197 1819 ι

122 1832 218 1884 Prdcr'pita
227 1844 257 1871 sas
266 1830 326 1868 eratis
335 1830 385 1868 dam
394 1827 490 1868 laomim
499 1827 564 1878 1le
568 1845 576 1876 t
733 1865 756 1878 ,,,
769 1841 892 1892 Dirldm'que
901 1841 973 1880 eadunt
985 1842 1005 1880 in
1014 1843 1093 1882 brachia
1102 1845 1173 1885 crines.

123 1901 622 1957 toabnqmtesolaitnmradamsacantara,
682 1906 1137 1981 Franciusnotaveratinmargine'
1149 1915 1199 1982 dis:

123 1977 191 2028 thaa
198 1977 327 2027 n’e'tnutplus
336 1973 631 2024 uuit,iln'estpaseneorjour.
675 1983 760 2052 susm
773 1984 818 2038 sed
832 1985 914 2055 magis
927 1995 1019 2056 aptum
1031 1988 1199 2044 vaticinanti.

125 2063 204 2132 Quod
217 2061 351 2116 verbatim
363 2080 394 2113 ex
407 2058 505 2114 ovidio
517 2074 523 2107 :
535 2065 583 2112 aut
591 2063 639 2114 ubi
682 2062 739 2116 bus.
751 2063 852 2116 Bonos.

123 2161 172 2194 aaa
178 2145 263 2202 abiit,
272 2159 320 2192 aec
326 2146 411 2192 lamen
417 2143 474 2190 arla
482 2141 545 2189 dies.
552 2137 634 2192 Unde
719 2161 757 2194 11.
780 2143 811 2192 Iu
824 2143 951 2196 thalamos
956 2141 1075 2210 formosa
1087 2146 1199 2199 Semim-

122 2222 191 2275 sacile
210 2219 338 2286 conjicias
350 2237 405 2270 non
418 2227 473 2270 tam
487 2215 635 2290 illaboratus
684 2224 733 2271 mas
742 2223 804 2272 esse.
817 2219 909 2272 Scribo
917 2260 924 2287 ,
930 2221 1039 2288 samara
1046 2224 1199 2280 Scmr'ramrs.

122 2297 156 2352 illi
167 2318 261 2352 versus
273 2296 417 2349 obvenisse.
684 2295 786 2351 Hntns.
793 2287 825 2349 ln
834 2299 982 2364 thalamum,
992 2299 1052 2354 Ald.
1063 2301 1164 2374 Grypb.
1173 2314 1201 2358 et

152 2379 174 2431 8.
190 2382 252 2446 Qua
263 2377 368 2428 timidus
379 2375 491 2426 latebras
501 2373 636 2439 spemlha·
682 2393 767 2446 marg.
778 2375 949 2430 Bersmanni.

122 2459 176 2509 bere
189 2459 284 2524 pudor.
309 2451 378 2522 Quis
397 2451 440 2504 bic
457 2460 562 2520 poetam
580 2468 636 2502 uon
720 2473 758 2506 12.
776 2454 875 2508 Δικαία
885 2460 955 2531 arms.
974 2455 1006 2508 ln
1019 2457 1136 2526 quodam
1148 2481 1199 2516 co-

122 2545 243 2606 agnoscat
254 2530 497 2585 omniummaxime
506 2547 637 2582 verecuu-
685 2525 741 2582 dice
760 2529 890 2600 legimus,
920 2533 984 2604 lais
1002 2541 1092 2588 amala
1104 2547 1201 2604 prucis.

122 2613 198 2682 dum,
212 2624 240 2667 et
257 2613 320 2684 qaid
327 2612 431 2671 deceat,
445 2607 636 2676 religiosissime
685 2605 1199 2686 Utraquelectioprobatonblansr'rris,
1273 2641 1275 2646 ’

122 2693 272 2748 colentem!
291 2689 345 2744 Sed
358 2689 519 2760 quambrevi
531 2688 570 2742 sui
582 2706 637 2739 om·
685 2685 760 2762 estin
769 2685 907 2742 veteribus.
917 2687 1113 2760 Croussepone
1122 2701 1198 2760 virts,

122 2775 183 2827 nino
192 2769 344 2836 dissimilis,
359 2788 422 2838 quas
430 2777 515 2822 servat
523 2763 637 2838 pudori,
685 2782 717 2840 ᾳ
729 2761 781 2820 fide
800 2765 964 2834 optimorum
976 2767 1106 2822 codicum.
1123 2775 1204 2828 Pmct

121 2853 232 2905 latebras
243 2847 389 2918 subripiet!
686 2839 759 2903 cuim
770 2843 918 2899 secuudum
930 2845 1055 2912 Festum,
1074 2854 1120 2916 qai
1129 2870 1201 2918 pos-

151 2952 175 3004 9.
192 2934 266 2984 Ecce
280 2931 393 2984 Conana
403 2930 482 2979 venr'l.
495 2923 579 2978 Adest
588 2921 638 2997 im·
685 2928 747 2974 canl
757 2926 869 2990 aliquam
880 2928 908 2976 in
920 2929 1105 2980 matranorum
1116 2948 1124 2980 .·
1137 2929 1200 2986 bine

122 3010 230 3076 provisa.
248 3009 350 3062 Narrat
365 3003 507 3074 Apuleius,
526 3003 638 3073 Apolog.
686 2999 915 3074 Penelopespraci.
926 3002 1200 3072 Nusquampmcorum

121 3089 241 3140 Iaesbr'am
252 3083 409 3150 Catullum,
419 3101 467 3152 pro
478 3083 581 3144 Cloa'r'a,
591 3099 638 3134 no·
685 3077 793 3160 mentiox
800 3077 870 3148 apud
890 3075 985 3154 latinos
997 3083 1136 3151 scriptores
1154 3105 1201 3140 oc·

122 3167 251 3228 minasse;
266 3161 441 3232 Propertium
456 3161 565 3230 Cynthr'a
574 3161 639 3211 Har·
685 3156 784 3222 currit,
797 3157 903 3225 quoties
911 3157 943 3210 de
953 3161 1136 3216 meretricibus
1144 3165 1200 3234 agi-

122 3249 181 3297 liam
193 3239 374 3298 dissimulasse
387 3260 395 3303 ;
408 3237 544 3292 Tibullum
555 3255 637 3304 vero,
685 3243 748 3308 tur;
768 3239 893 3300 vr'roram,
907 3237 1010 3306 passim.
1022 3238 1067 3292 Sic
1079 3240 1202 3310 Propert.

122 3325 213 3386 Delta,
227 3323 365 3376 Plantam.
377 3317 470 3386 Quam
482 3333 546 3368 vero
559 3312 640 3368 Ovid.
685 3311 753 3365 libro
766 3329 805 3380 11,
819 3311 911 3384 Elegia
924 3313 1032 3383 quinta,
1052 3336 1128 3370 versu
1140 3319 1176 3371 o:

124 3403 236 3455 conma-
248 3399 316 3454 ficto
328 3396 376 3450 sub
386 3394 495 3447 nomine
509 3391 639 3446 decanta-
710 3399 788 3452 Phryne
797 3408 838 3438 tam
847 3401 1037 3439 multisl'aetabeata
1047 3404 1100 3442 viris.

120 3479 160 3550 rit,
168 3499 224 3534 non
231 3486 348 3534 constat.
356 3473 408 3527 Sed
417 3473 459 3525 illa
465 3469 639 3540 arte‚ingenio
687 3471 741 3526 Pro
751 3475 827 3535 Lais,
837 3472 940 3526 codices
948 3473 1085 3540 nonnulli,
1101 3475 1198 3528 Thai's:

120 3571 145 3614 et
156 3558 280 3630 corporis
293 3553 398 3606 dotibus
410 3551 531 3614 celebris,
545 3549 586 3602 cui
599 3549 640 3600 se·
685 3547 731 3604 sed
745 3551 788 3602 nil
807 3569 920 3604 necesse.
941 3551 1029 3604 Laidis
1045 3553 1199 3620 Propertius

120 3639 315 3694 minaenomen
324 3629 463 3694 indiderit,
477 3646 535 3696 quae
543 3627 584 3680 rel
592 3625 639 3696 ipsi
687 3629 767 3681 etiam
776 3629 914 3694 meminit,
929 3645 969 3694 11,
984 3629 1055 3698 Eleg.
1068 3647 1097 3696 v,
1115 3651 1135 3684 t.
1146 3633 1183 3686 H.

118 3718 178 3770 olim
188 3713 317 3772 Pindaro
328 3728 385 3762 non
396 3708 482 3778 impar
494 3705 595 3759 aemula.
605 3731 640 3744 -
722 3707 759 3760 13.
771 3709 881 3778 Dirr'par'.
892 3709 1165 3774 Derapur'Puteaneus
1173 3724 1201 3768 et

118 3797 256 3848 Recaircta.
265 3789 404 3844 Discincta
412 3786 508 3840 tunica.
517 3787 558 3836 He
566 3783 639 3836 enim
686 3783 875 3852 Neapolitanus
884 3803 946 3836 curn
957 3785 1055 3854 Regio:
1064 3799 1143 3844 recte.
1155 3790 1200 3846 Sic

117 3871 270 3944 praepositio
291 3863 452 3936 quaudoque
467 3863 525 3932 ejus
548 3861 637 3927 verbi,
687 3871 713 3914 et
729 3865 860 3914 detrahere
874 3871 901 3913 et
912 3865 1034 3922 deducere
1051 3873 1200 3920 vestem...

117 3972 176 4004 cum
190 3968 249 4020 quo
259 3943 451 4016 componitur,
463 3937 640 4012 significatum
686 3943 742 3994 Nec
752 3943 856 3992 mallum
868 3959 926 3992 rara
938 3948 1060 4006 uacabat,
1080 3944 1131 3998 boe
1142 3957 1198 4015 est,

117 4029 289 4083 contrarium
298 4023 359 4076 facit
373 4043 379 4084 ;
394 4023 527 4079 atteram,
541 4037 637 4081 resera,
686 4021 774 4073 tunica
791 4040 850 4072 rara
865 4023 991 4091 tenuique
1009 4023 1054 4076 filo
1064 4024 1075 4090 ,'
1089 4046 1119 4078 ex
1137 4026 1199 4080 Co-

117 4111 234 4170 recludo,
253 4108 357 4169 relego,
372 4109 399 4152 et
410 4097 510 4152 similia.
523 4097 602 4150 blau.
686 4099 771 4152 rinnae
790 4098 864 4152 omui
889 4119 998 4169 oorpore
1019 4120 1074 4154 non
1094 4107 1198 4156 maltam

152 4205 190 4238 ro.
202 4183 334 4238 Dr'rr'daa.
345 4178 377 4238 ld
385 4189 433 4246 est,
443 4194 602 4247 sparsa,non
611 4173 640 4228 iu
686 4177 846 4230 subducebat
864 4177 945 4233 oeulis
964 4180 1052 4234 meis:
1072 4182 1200 4236 tenuissi-

118 4265 221 4320 nodum
234 4261 371 4326 collecta;
392 4257 438 4314 sed
449 4259 478 4310 in
497 4267 640 4326 utrumque
685 4277 761 4340 mam¹
775 4259 831 4312 vult
848 4259 925 4334 fuisse
942 4271 1042 4318 restem
1051 4301 1059 4330 ,
1082 4262 1199 4327 tunicam
