2852 4982
230 507 275 552 20
513 481 554 546 P.
584 477 767 548 OVIDII
798 466 1028 546 NASONIS

278 620 458 718 Pugnabat
474 618 588 694 tunica
606 615 665 692 sed
683 631 793 692 tamen
810 615 867 690 illa
885 617 964 712 tegi.

228 745 412 842 Quumque
428 741 476 812 ita
490 753 675 838 pugnaret,
695 752 865 836 tamquam
880 763 955 836 quae
967 734 1099 812 vincere
1111 733 1236 828 nollet,
1277 763 1307 815 nt

275 860 375 932 Victa
392 873 528 930 estnon
543 881 629 950 agre
644 851 837 952 proditione
853 881 922 926 sua.

225 982 274 1052 Ut
290 977 384 1051 stetit
400 989 475 1048 ante
495 969 610 1058 oculos
627 969 741 1072 posito
757 967 918 1044 velamine
936 987 1090 1064 nostros,

271 1095 314 1166 In
331 1107 405 1163 toto
423 1115 590 1188 nusquam
607 1114 750 1186 corpore
768 1085 890 1159 menda
906 1085 981 1160 fuit.

223 1210 324 1307 Quos
339 1206 518 1292 humeros,
539 1201 655 1303 quales
671 1201 741 1276 vidi
759 1201 921 1302 tetigique
937 1199 1097 1280 lacertos!

269 1327 390 1398 Forma
405 1319 606 1423 papillarum
625 1347 725 1420 quam
742 1317 808 1390 fuit
826 1335 905 1418 apta
922 1319 1047 1418 premi!

221 1441 334 1540 Quam
352 1437 513 1534 castigato
530 1433 653 1537 planus
672 1433 737 1507 snb
755 1451 891 1533 pectore
908 1439 1043 1510 venter!

269 1561 445 1656 Quantum
463 1571 496 1628 et
514 1549 611 1654 quale
629 1550 734 1624 latus!
756 1579 857 1650 quam
873 1551 1020 1648 juvenile
1039 1553 1166 1630 femur!

219 1675 360 1771 Singula
374 1671 457 1778 quid
473 1669 640 1743 reseram?
655 1665 705 1738 nil
722 1695 793 1739 non
810 1666 979 1742 laudabile
994 1671 1080 1761 vidi;

266 1796 313 1867 Et
329 1789 455 1864 nudam
471 1785 580 1888 pressi
598 1810 722 1882 corpus
740 1781 906 1884 adusque
924 1813 1045 1860 meum.

217 1911 337 1984 Cetera
354 1905 430 2006 quis
448 1901 577 1975 nescit?
595 1899 674 1972 lassi
691 1898 916 1998 requievimus
932 1902 1044 1976 ambo.
1268 1936 1301 1988 25

216 2087 415 2158 bombycinum,
426 2101 524 2152 nempe
533 2079 629 2146 coam,
644 2087 690 2132 aut
700 2097 738 2131 se·
786 2088 814 2132 et
825 2077 961 2151 eleganter
974 2083 1095 2154 Propert.
1107 2085 1181 2158 Eleg.
1192 2088 1235 2142 cit.
1251 2111 1280 2145 ιι
1295 2107 1302 2142 :

215 2168 298 2220 ricam
306 2181 312 2214 ε
320 2175 350 2217 ut
358 2161 426 2234 apud
436 2163 532 2214 Horat.
542 2162 602 2212 Cois
610 2161 734 2226 tibipoene
954 2166 1013 2206 oens
1024 2178 1069 2206 ,ιη
1077 2167 1098 2208 f„
1106 2183 1172 2209 mo„
1180 2172 1248 2211 dm„

216 2250 304 2300 vallera
315 2251 370 2306 est,
389 2249 419 2296 ul
430 2244 531 2295 nudam.
547 2237 733 2302 Plin.lib.v1,
815 2257 855 2289 ar.
876 2239 957 2304 (laam
969 2246 1104 2309 castr'galo.
1117 2242 1206 2298 Caesar
1214 2263 1252 2314 ιι,
1266 2247 1299 2302 de

216 2345 272 2394 cap.
280 2339 357 2389 xvu,
371 2320 404 2373 de
412 2319 512 2372 serico:
529 2319 593 2370 Yam
600 2317 739 2383 multiplici
782 2313 847 2366 Bell.
862 2313 929 2370 Gall.
942 2321 981 2371 Et
990 2319 1113 2388 instante
1123 2327 1214 2376 lenter
1221 2331 1300 2378 casti.

217 2423 299 2472 opera,
311 2408 363 2452 tana
372 2403 507 2466 longinquo
518 2399 691 2462 arbepelitnr,
706 2397 737 2444 at
779 2398 867 2460 gatus,
873 2404 903 2447 ut
911 2394 973 2465 legit
981 2397 1107 2455 Faernus.
1114 2400 1225 2454 Buttsnr.
1234 2403 1299 2458 Non

215 2487 243 2534 in
251 2483 356 2548 publico
368 2479 490 2530 Maitona
509 2474 643 2527 traluceat.
662 2471 735 2540 Qui·
783 2482 902 2524 accurate
914 2473 991 2541 satis,
1004 2486 1034 2529 ut
1042 2495 1092 2530 nec
1101 2489 1173 2531 recte
1181 2479 1299 2548 aliquan.

216 2562 264 2614 bns
283 2557 376 2612 similia
390 2555 458 2626 apud
473 2553 590 2607 eundern
602 2551 682 2604 babes
700 2547 733 2602 de
782 2548 869 2601 tulum
882 2549 1006 2620 dimisso,
1025 2553 1216 2626 interpretatur
1228 2559 1298 2612 Ma-

216 2648 288 2692 reste
298 2636 403 2706 Assyria
412 2635 455 2687 lib.
468 2649 497 2686 ιιι
508 2672 516 2699 ,
529 2651 583 2700 cap.
597 2653 620 2683 α.
632 2623 734 2758 Perper·
781 2627 848 2680 rius:
857 2629 950 2683 melius
959 2630 1059 2685 dixerat
1068 2645 1159 2702 antea,
1174 2642 1298 2691 emenda.

215 2733 275 2766 ram
288 2723 378 2766 autem
390 2711 498 2779 quidam
509 2711 654 2777 interpres,
667 2727 692 2773 (n
702 2709 734 2788 l·
780 2713 822 2767 la,
837 2715 961 2773 correcta,
977 2709 1106 2766 nimirum
1119 2715 1296 2788 permenam,

216 2799 270 2846 tam
280 2809 343 2844 cum
351 2809 410 2841 rara
420 2789 565 2854 construit,
580 2783 732 2856 quumcu'rn
782 2803 834 2854 qua
846 2797 1021 2843 tumescentes
1034 2802 1060 2844 et
1068 2794 1241 2850 exuberantes
1252 2798 1298 2850 ni.

215 2873 328 2924 nocebat
334 2909 340 2928 ,
351 2867 453 2920 debeat.
463 2869 536 2918 Rara
545 2876 634 2918 autern
644 2857 732 2916 tunicl
781 2864 831 2918 mis
843 2866 949 2935 papillas
959 2868 1078 2923 solebant
1086 2891 1216 2928 mercem

216 2959 256 3002 est
268 2946 380 3012 eadem,
393 2945 422 2998 ni
434 2943 521 3004 fallor,
536 2961 617 3012 qnam
626 2945 732 2994 ltaliam
814 2941 855 2994 23:
872 2947 922 2996 atil
935 2966 985 2999 non
1001 2951 1131 3003 landabile
1144 2956 1206 3006 vidi.
1223 2957 1302 3008 Νίῇῑῐ

216 3021 730 3091 tanr'camvocatPlautusAEpidrActar,
780 3023 930 3076 illaudabile
951 3024 1033 3078 codex
1054 3027 1243 3098 Neapolitanus
1269 3045 1297 3088 et

217 3108 259 3162 Sc.
265 3123 298 3173 11,
307 3125 374 3160 vers.
382 3106 413 3170 45
423 3122 429 3155 :
439 3102 484 3155 ubi
493 3101 636 3171 opponitur
643 3105 732 3168 spissa
780 3097 799 3151 J
801 3100 921 3154 uuianus.
932 3102 1033 3158 Herus.

216 3189 315 3240 tunica.
328 3183 431 3236 Huius.
633 3193 637 3205 ’
709 3193 725 3221 “·
813 3181 1163 3250 25scetaraqaisnesc1r?
1189 3187 1296 3244 Retinet

252 3266 290 3330 14.
300 3263 439 3328 Pugnabat
448 3261 535 3310 tanim
547 3265 595 3311 etc.
608 3255 731 3324 Propert.
780 3255 913 3326 pudenter
920 3259 1060 3328 ulteriora,
1070 3283 1128 3333 quae
1135 3274 1225 3318 tamen
1234 3268 1296 3320 satis

215 3343 283 3396 libro
297 3355 334 3407 ιι,
350 3337 492 3408 Eleg.xr1,
507 3355 574 3388 vers.
586 3337 614 3400 4:
778 3333 893 3401 indicat,
912 3355 996 3404 quum
1009 3337 1098 3407 addit,
1119 3345 1295 3414 lassirequie-

240 3427 344 3466 Interdum
356 3423 423 3462 tonica
431 3421 489 3460 diruit
498 3430 565 3470 opertu
574 3433 654 3457 moram.
780 3417 860 3465 pimus
872 3417 952 3468 ambo·
964 3416 1016 3470 sed
1029 3417 1056 3470 in
1069 3417 1120 3471 hoc
1133 3439 1165 3472 eo
1175 3419 1295 3474 laudan-

215 3502 292 3552 ·-Se
310 3506 395 3552 tamen
411 3499 460 3550 illa
477 3499 535 3561 tegi.
559 3494 613 3544 Sed
627 3499 727 3554 tantan,
780 3489 829 3544 dus
841 3493 938 3561 magis,
953 3514 1005 3562 quo
1018 3495 1065 3548 sibi
1077 3486 1176 3550 facilius
1187 3497 1214 3550 iu
1228 3499 1295 3553 tali-

216 3579 345 3631 meliores.
360 3576 405 3630 Sic
416 3585 443 3628 et
457 3574 515 3626 Art.
524 3572 613 3626 Amat.
624 3587 651 3637 1,
665 3569 730 3623 566:
778 3569 827 3630 ¹bus
836 3573 990 3627 enarrandis
1001 3585 1103 3628 veteres
1112 3575 1295 3645 indulgebant.

240 3660 347 3708 Pugnando
357 3660 411 3697 vinci
419 3658 453 3695 sed
462 3665 527 3694 tamen
535 3656 569 3693 illa
578 3655 637 3692 volet.
779 3676 812 3690 -
826 3647 1012 3706 conserendus
1028 3672 1090 3706 cum
1107 3655 1205 3707 Nostro
1223 3657 1295 3710 pro,
1321 3711 1323 3718 ,

217 3733 257 3786 Ut
270 3743 297 3784 et
310 3732 346 3782 ibi
365 3731 424 3783 libri
440 3727 581 3784 nonnulli:
593 3725 729 3798 quomodo

214 3811 289 3862 idern
301 3827 378 3862 mox:

240 3894 278 3934 sed
288 3893 352 3932 voluit
362 3891 415 3930 rinei
425 3891 501 3933 viribus
509 3893 544 3930 illa
551 3901 623 3931 temen.
631 3892 713 3931 Entrts.

250 3968 288 4019 15.
301 3967 362 4030 Qua
370 3970 487 4032 quantita
492 3972 623 4032 pugnarat.
637 3967 728 4031 Quam·

213 4065 261 4116 quc
278 4051 334 4100 ita,
356 4043 451 4093 rectius
465 4063 507 4094 sex
520 4044 585 4095 libri.
599 4045 681 4098 lnnm.
694 4073 727 4085 --

217 4127 282 4190 (ina
290 4125 388 4174 vincera
399 4125 484 4172 nollet.
497 4123 529 4172 Se
537 4127 636 4174 v1'ncara
645 4123 727 4175 Fran-

158 4253 161 4260 ,
213 4202 307 4256 cofurt.
320 4197 399 4252 credo
412 4217 475 4276 pro,
489 4205 517 4250 si
526 4206 632 4251 vincera.

249 4281 486 4354 19.Qaaslanraros,
495 4279 724 4347 qualesetc.llecte

778 3737 844 3797 pert.
862 3729 907 3798 qui
925 3730 991 3783 libro
1005 3747 1043 3798 ιι,
1058 3732 1131 3802 Eleg.
1146 3749 1175 3784 ιιι
1188 3743 1215 3786 et
1227 3751 1269 3787 nn
1284 3777 1292 3802 ‚

778 3805 848 3858 idem
863 3807 913 3861 hoc
926 3821 1113 3876 argumentum
1128 3811 1200 3879 prior
1217 3823 1294 3866 trac·-

777 3896 893 3952 taverat,
905 3896 931 3937 et
941 3885 1038 3939 ovidio
1047 3889 1114 3941 sorte
1121 3895 1277 3943 recitaverat
1283 3910 1295 3959 ‚-

776 3983 850 4030 nam,
858 3974 888 4015 ut
894 3965 1000 4032 aitipse,
1011 3965 1190 4033 Trist.1v,El.
1202 3986 1229 4034 x,
1242 3973 1275 4036 45
1286 3989 1293 4023 z

776 4052 829 4100 Soepe
841 4063 886 4088 euos
896 4050 966 4087 solitus
976 4051 1056 4102 recitare
1063 4051 1176 4102 Propertius
1190 4054 1245 4102 ignes
1255 4068 1262 4104 ς

776 4121 819 4174 ubi
832 4121 949 4174 notanda
967 4143 1028 4176 sane
1042 4126 1144 4194 egregia
1156 4126 1230 4179 verbi
1247 4147 1293 4182 ac-

776 4201 878 4268 ceptio,
900 4221 957 4269 quae
974 4208 1047 4268 lanes
1060 4216 1135 4257 vocet
1152 4207 1290 4274 carmina,

776 4279 869 4348 quibus
882 4279 996 4335 fideliter
1008 4282 1074 4336 adeo
1091 4288 1225 4337 commr'ssi
1236 4285 1292 4355 spi-
