2852 4982
209 448 229 514 e
493 446 533 512 r.
563 441 993 534 0v1n11ulsoq1s
1036 395 1066 468 Ὗ

257 583 327 682 Qui
346 583 475 672 deceat,
493 611 627 658 currum
644 581 792 670 Vitricus
809 583 881 688 ipse
896 585 1005 662 dabit:

206 703 312 802 [nque
329 699 407 773 dato
425 728 540 786 curru,
560 697 689 801 populo
704 699 865 776 clamante
883 701 1111 805 triumphum,
1245 723 1279 778 25

256 819 386 906 Stabis;
407 835 440 892 et
457 817 629 916 adjunctas
647 836 715 892 arte
732 819 883 894 movebis
901 849 986 896 aves.
1025 913 1028 920 γ

206 939 383 1012 Ducentur
397 935 533 1034 juvenes
551 935 655 1038 capti,
675 953 844 1040 captetque
859 937 999 1040 puellae:

256 1054 335 1126 Haec
354 1052 417 1124 tibi
434 1049 630 1147 magnificus
646 1080 772 1154 pompa
789 1052 980 1154 triumphus
997 1053 1069 1128 erit.

207 1170 284 1269 lpse
302 1195 382 1262 ego,
401 1165 512 1267 praeda
529 1193 662 1255 recens,
680 1167 804 1241 sactum
820 1167 922 1241 modo
940 1166 1061 1242 vulnus
1077 1163 1229 1254 habebo,

256 1283 302 1356 Et
318 1309 407 1354 nova
424 1279 553 1384 captiva
568 1281 701 1356 vincula
718 1299 828 1357 mente
845 1281 957 1358 leram.
1047 1319 1049 1324 ¹

102 1457 103 1460 =
207 1408 307 1482 Meus
324 1407 421 1482 Bona
436 1407 590 1497 ducetur,
609 1409 766 1484 manibus
783 1425 863 1510 post
879 1426 972 1506 terga
987 1409 1143 1497 retortis,
1164 1393 1166 1398 ¹

255 1531 302 1603 Et
319 1531 446 1620 Pudor,
467 1549 500 1604 et
517 1532 634 1606 castris
649 1531 815 1634 quidquid
831 1533 967 1608 Amoris
985 1533 1093 1606 obest

210 1653 334 1728 Omnia
351 1672 383 1729 te
400 1672 577 1729 metuent:
596 1655 638 1727 ad
656 1671 688 1728 te
705 1683 765 1728 sua
778 1655 916 1759 brachia
933 1655 1074 1729 tendens

255 1775 406 1872 Vulgus,
425 1779 481 1864 Io,
499 1803 620 1870 magna
635 1804 735 1864 voce,
754 1777 959 1878 Triumphe!
978 1794 1084 1852 canet.

205 1956 371 2026 triumphalis
387 1954 499 2026 propriis
511 1953 578 2008 adeo
589 1953 719 2009 et'vividis
768 1957 895 2012 Francius
906 1957 1034 2025 malebat,
1048 1963 1182 2027 spectante
1193 1964 1285 2014 trium-

204 2036 334 2089 coloribus
346 2033 513 2095 describitur,
525 2044 556 2086 ut
568 2053 627 2087 rem
636 2034 719 2103 ipsam
764 2039 859 2105 phura,
870 2048 901 2092 ut
913 2040 991 2092 estin
1001 2057 1056 2091 uno
1066 2037 1185 2100 Heinsii;
1196 2047 1224 2091 et
1234 2037 1285 2091 de-

205 2133 330 2179 cernere,
340 2131 396 2166 non
405 2111 563 2182 descn'ptam
570 2112 657 2182 legere
665 2111 720 2166 lec·
767 2113 842 2168 sendi
854 2127 956 2186 posset,
970 2137 1001 2169 ex
1012 2132 1051 2169 tv.
1062 2115 1142 2170 Trist.
1156 2131 1194 2182 11,
1211 2131 1258 2188 19:

205 2203 249 2245 101·
260 2190 411 2244 crediderit.
423 2191 490 2244 Hac
498 2190 531 2244 de
543 2207 648 2244 summa
661 2189 720 2242 tvi·
769 2197 1283 2250 Ergoomniepopnlnepoteritipeetantriumpiium.

93 2327 101 2338 ¹
205 2269 268 2323 deae
279 2287 352 2323 nunc
362 2287 442 2338 quam
454 2278 530 2338 epte,
544 2287 624 2338 quem
633 2267 720 2336 exqui·
747 2337 751 2346 Ι
770 2271 858 2340 Alius,
871 2276 998 2325 clamante
1005 2273 1127 2340 ln'nmphe
1138 2271 1225 2338 ,·uteit
1233 2291 1286 2341 pro

203 2349 271 2414 site,
289 2368 348 2419 pars
361 2367 471 2418 quaeque
482 2349 510 2400 in
524 2348 604 2401 totius
619 2347 720 2401 tabellae
770 2354 800 2404 Io
807 2357 944 2421 triumphe,
956 2351 1027 2422 quod
1037 2371 1099 2405 mox
1106 2372 1172 2406 vers.
1185 2352 1233 2418 34,
1245 2371 1286 2406 se·

205 2425 290 2480 finem
303 2427 435 2496 conspiret
446 2425 581 2496 disposita!
595 2427 721 2480 Materna
771 2431 868 2499 quitur.
879 2431 917 2485 Et
927 2432 963 2486 ita
975 2433 1070 2486 Horat.
1081 2431 1124 2484 lib.
1135 2447 1180 2498 tv,
1195 2430 1249 2484 Od.
1260 2453 1285 2484 α.

206 2517 295 2580 myrto
307 2525 413 2560 comam
426 2506 527 2559 cinctus
541 2505 628 2558 Amor
640 2523 721 2558 curru
803 2508 843 2560 26.
861 2509 1016 2576 Adsnnctas.
1033 2511 1161 2562 Admotae
1174 2508 1286 2577 quidam

205 2585 319 2652 insidet,
338 2601 419 2654 quem
437 2585 511 2637 Mars
527 2585 581 2654 ipse
594 2583 719 2649 tradidit,
770 2585 859 2654 scripti
873 2602 879 2634 τ
892 2587 968 2640 male.
980 2587 1062 2657 Epist.
1076 2604 1134 2654 xrr,
1150 2589 1195 2639 152
1209 2603 1216 2636 :

206 2664 301 2733 cuique
309 2661 670 2731 maternasaves(columb³s)
678 2661 721 2713 ad·
833 2669 1238 2720 ·'··Adi'unct⁰¹·ureu·ureetequ⁰¹·.

205 2743 299 2812 junxit.
316 2742 389 2795 Hinc
397 2741 495 2795 etinde
505 2740 722 2809 cipliducuntur
772 2738 841 2793 Vide
854 2740 896 2794 lib.
909 2757 936 2808 1,
950 2741 1009 2796 Art.
1021 2742 1082 2795 Am.
1095 2745 1162 2796 550:

207 2823 318 2890 juvenes
328 2830 355 2874 et
363 2819 472 2890 puollae,
486 2837 552 2888 quos
560 2819 631 2872 inter
639 2857 647 2884 t
654 2835 722 2884 pm·-
794 2825 889 2874 Tigribus
899 2827 999 2877 adjunctis
1005 2840 1063 2865 eruce
1073 2829 1114 2866 loru
1123 2827 1190 2867 dabit.
1199 2830 1285 2872 linus.

205 2904 241 2952 da
256 2919 358 2962 recens,
380 2901 477 2953 Noster
488 2898 605 2966 incedit,
617 2899 722 2966 sactum
804 2897 845 2950 30.
860 2899 966 2966 Captiva
974 2907 1064 2954 mente.
1077 2899 1150 2970 Quia
1158 2901 1229 2956 ultro
1239 2923 1286 2959 me

205 2981 378 3032 modovnlnus
387 2978 493 3030 habens.
506 2977 663 3047 Sequuntur
670 2979 722 3030 Bo·
772 2976 818 3029 tibi
830 2985 857 3029 et
868 2977 959 3030 volens
970 2979 1092 3043 submisi3
1106 2999 1190 3050 eoque
1204 3001 1287 3038 sensu

206 3079 241 3111 aa
250 3077 329 3124 mens,
338 3069 365 3111 et
372 3060 465 3120 Pudor,
477 3067 504 3109 et
512 3056 642 3126 quidquid
650 3061 724 3109 obest
771 3058 876 3108 vr'rrcnla
884 3057 1021 3110 norasero.
1033 3059 1139 3112 Novum
1152 3059 1248 3130 quippe
1257 3074 1287 3116 et

206 3136 385 3203 Amori,dum
393 3135 724 3188 circumvolitantBlandr'-
771 3133 939 3198 inauditum,
957 3134 1056 3188 durum
1069 3137 1135 3190 adeo
1146 3138 1286 3194 servitium

205 3221 248 3268 tire
266 3216 394 3281 comites,
417 3216 564 3282 Errorque,
590 3215 722 3283 Furorque.
771 3223 865 3282 sponte
877 3232 1038 3283 quemquam
1050 3215 1164 3269 subiisse.

208 3293 316 3349 Plaudit
337 3295 440 3347 interea
464 3301 550 3344 meter
571 3295 603 3343 de
626 3311 723 3346 summo
805 3291 845 3344 31.
858 3295 934 3344 Mens
942 3295 1019 3348 Bona
1027 3297 1189 3347 duceturetc.
1200 3293 1285 3350 Recte

211 3377 333 3446 Olympm
347 3382 373 3426 et
383 3391 418 3452 pe
428 3371 619 3440 quisvictorem
629 3382 723 3426 natum
773 3371 895 3440 quidem;
915 3373 1112 3426 necimmerito
1125 3371 1287 3445 Mythogra·

208 3452 431 3522 possit‘essugere,
772 3451 887 3520 phorum
911 3449 978 3520 apud
1001 3470 1049 3504 nos
1070 3449 1212 3521 princeps,
1245 3453 1298 3506 La,

317 3565 341 3579 ...
351 3539 459 3590 Adpoeiru
469 3537 542 3588 epergit
552 3537 574 3576 in
582 3549 615 3576 oea
623 3549 683 3577 ruens.
772 3531 913 3593 Fonliu'ne,
927 3529 971 3583 lll).
983 3546 1029 3598 lv,
1048 3527 1111 3582 Fab·
1125 3549 1136 3582 1
1145 3549 1152 3581 ἒ

210 3614 292 3670 Unde
305 3615 351 3681 fit,
370 3623 469 3666 utnon
482 3610 592 3681 pulcher
602 3608 684 3664 modo
696 3621 724 3665 et
823 3621 911 3669 Amour,
919 3621 1113 3673 Ameur,quandm
1121 3633 1169 3658 mus
1177 3620 1238 3670 ttoni,

209 3697 361 3760 formosus,
392 3691 438 3747 sed
466 3711 560 3745 aureus
581 3694 626 3758 (ut
647 3703 724 3745 vocat
823 3691 1211 3746 Onpeuriiendtre,adieuPrudeneet

210 3774 353 3826 Anacreon
371 3772 549 3848 χρυσοχοείτης)
568 3777 666 3825 auratis
682 3781 724 3824 eat
771 3769 1004 3837 -Manibuspost
1015 3772 1087 3832 terga
1097 3769 1206 3819 retortis.
1216 3768 1285 3836 Atii,
1344 3753 1346 3757 i

210 3857 237 3904 iu
249 3855 318 3903 rotet.
332 3849 408 3917 Quid
419 3852 518 3903 mirum
527 3851 620 3922 igitur,
633 3850 668 3918 si,
681 3849 724 3903 vel
772 3851 861 3914 ligatu
870 3863 877 3895 :
885 3857 911 3899 et
919 3845 1012 3915 fragm.
1020 3843 1137 3912 regium,
1148 3863 1208 3898 cunr
1218 3867 1285 3901 non·

206 3933 370 3997 praten'ens,
390 3932 494 3980 vulnera
510 3933 589 3982 mulla
602 3927 722 3996 dederit,
772 3923 958 3993 nullisscriptis
965 3921 1106 3990 editisque,
1125 3929 1234 3981 celethi.

211 4019 238 4062 et
249 4013 335 4061 werno
347 4025 441 4074 vapore
451 4008 566 4060 noceat?
806 4003 846 4055 33.
869 4005 918 4056 Ad
932 4007 957 4053 te
977 4020 1026 4052 sua
1046 4003 1150 4060 brachile
1172 4005 1285 4066 tendent.

243 4089 284 4154 24,
303 4088 550 4152 Qur'deceatcnrrds.
562 4088 721 4154 Qni'deceat,
774 4081 966 4149 Fragmentum
986 4076 1122 4150 Regium,
1141 4085 1180 4134 ad
1195 4088 1221 4135 le
1236 4103 1285 4136 sua

210 4185 307 4219 currum
320 4179 328 4212 t
340 4164 436 4233 scripti.
450 4163 551 4217 Herus.
773 4161 879 4210 bractia
894 4161 999 4210 leudem
1020 4161 1114 4228 Vulgus
1129 4159 1220 4228 :quod
1236 4180 1285 4214 ee-

243 4247 282 4298 25.
304 4245 403 4312 Populo
420 4245 548 4296 clamante
565 4243 723 4311 inemptum.
774 4255 849 4307 quor.
878 4237 952 4292 Bene
972 4239 1052 4294 etiam
1070 4258 1138 4293 unus
1161 4239 1284 4306 llloreti,
1372 4263 1374 4270 ·
