2852 4982
355 479 597 550 AMORUM
624 481 655 546 1.
689 479 839 548 ELEG.
872 479 943 548 VI.
1149 486 1191 550 23

161 621 238 698 Uda
255 621 300 696 sit
316 638 356 696 ut
370 619 515 696 lacrimis
530 621 633 720 janua
649 619 736 694 facta
752 619 845 694 meis.

116 741 212 816 Certe
230 768 311 836 ego,
331 767 436 840 quum
453 738 567 839 posita
582 755 687 812 stares
705 735 748 811 ad
760 737 900 812 verbera
915 755 1024 827 veste,

160 856 217 930 Ad
235 855 404 930 dominam
418 883 481 958 pro
500 872 531 930 te
549 855 651 930 verba
668 871 828 930 tremente
846 851 919 928 tuli.
1157 891 1190 927 uo

115 983 223 1076 Ergo,
243 1009 317 1082 qua
331 979 436 1056 valuit
450 1009 514 1083 pro
532 998 565 1055 te
583 1007 720 1082 quoque
737 979 843 1076 gratia
861 979 1049 1080 quondam,

123 1131 127 1138 ·
162 1106 240 1179 Heu
256 1103 404 1179 facinus!
422 1133 486 1206 pro
503 1131 556 1178 me
571 1131 663 1176 nunc
679 1100 767 1176 valet
783 1100 841 1176 illa
856 1103 999 1204 parum?

115 1226 232 1301 Redde
249 1225 355 1301 ricem
370 1225 517 1314 meritis3
537 1243 634 1323 grato
650 1224 729 1300 lieet
745 1251 834 1314 esse,
854 1224 948 1326 quod
967 1241 1073 1328 optas.
1138 1317 1143 1328 ,

161 1351 332 1451 Tempora
344 1349 453 1423 noctis
472 1365 573 1438 eunt;
590 1365 707 1423 excute
724 1365 822 1450 poste
840 1375 946 1422 seram
963 1377 972 1422 ε

115 1474 259 1562 Excute;
277 1473 325 1547 sic
342 1499 492 1574 unquam
509 1469 612 1568 longa
627 1469 771 1547 relevere
789 1485 922 1560 catena,
1158 1494 1191 1546 25

116 1661 178 1732 regii
189 1660 287 1716 codicis
304 1662 401 1732 lectio,
419 1683 471 1718 uon
486 1667 568 1718 masan
585 1661 630 1720 sic

14 1751 15 1800 Τ
117 1738 181 1792 libro
192 1737 312 1794 seeundo
326 1741 384 1794 Art.
400 1741 489 1795 Amat.
505 1742 571 1811 187:

116 1831 168 1881 sepe
176 1841 223 1869 snos
232 1842 304 1879 usus,
312 1843 349 1869 ms
357 1832 416 1871 mista
423 1831 476 1871 laese
484 1832 569 1884 puelle,

139 1902 206 1941 Flesse
214 1901 253 1942 sub
262 1902 366 1942 uberibus
374 1903 486 1944 Milaniona
493 1904 567 1944 serunt.

14 2019 15 2056 q
118 1974 171 2028 Ubi
183 1971 386 2030 etiam's'mms‘h'a
397 1977 519 2030 nonnulli
534 1975 631 2048 scripti.

14 2115 15 2130 χ
118 2053 243 2108 Siewsts'
248 2075 300 2110 uon
310 2060 389 2124 aqui,
408 2074 457 2125 pro
468 2060 578 2125 iss'qsr's,
592 2071 630 2122 11,

120 2133 178 2186 Aru.
186 2150 252 2200 xvs,
262 2155 294 2186 22
304 2153 311 2186 :
322 2133 390 2186 Met.
399 2153 426 2201 r,
442 2155 496 2203 ¹7¹·
509 2136 568 2190 Non
580 2139 632 2188 cs'r-

119 2217 284 2280 cumspectis,
302 2231 351 2280 pro
361 2217 585 2282 inesiconspectsk:
604 2223 632 2268 et

120 2289 211 2358 passim
223 2290 293 2344 talia.
304 2290 336 2343 B.
346 2293 499 2344 -Imms'ts'a
509 2295 631 2346 claustra.

14 2403 15 2436 ,
120 2366 188 2420 Nihil
201 2367 273 2438 apud
284 2369 396 2423 eroticos
411 2369 520 2424 obvium
532 2369 630 2440 magis,

14 2445 16 2520 l
121 2463 197 2514 quarn
219 2447 276 2500 istas
296 2447 444 2501 amantium
464 2447 527 2502 dirae
548 2448 576 2502 in
591 2448 633 2516 je-

15 2561 16 2572 ,
120 2541 182 2577 uuas
192 2534 220 2577 et
231 2524 375 2593 janitores,
388 2525 434 2594 qui
444 2526 530 2582 faciles
543 2525 633 2580 minus

15 2601 16 2608 ³
119 2599 164 2654 illis
171 2621 199 2656 se
210 2601 372 2672 praebebant
383 2603 443 2658 Tib.
455 2619 480 2670 1,
493 2603 534 2658 El.
547 2621 583 2672 11,
598 2625 611 2674 7
625 2618 632 2654 ἑ

15 2747 16 2752 1
118 2690 178 2730 lenus
183 2691 271 2732 difficilis
279 2693 356 2732 domini
361 2721 368 2741 ‚
379 2701 399 2732 te
408 2693 497 2732 verberet
504 2694 582 2742 imber,

140 2767 168 2804 Te
174 2766 231 2806 Jovis
242 2767 327 2819 imperio
334 2765 419 2806 fulmina
429 2768 489 2806 misse
498 2771 575 2822 petant!

153 2860 190 2912 sq.
209 2842 292 2907 Quum
295 2846 386 2908 posita
394 2846 478 2894 stares
484 2845 523 2895 ad
527 2847 631 2898 verbera

120 2925 193 2970 ueste.
199 2917 243 2972 De
252 2917 336 2972 modo
344 2938 397 2989 quo
404 2939 493 2976 servos
501 2920 632 2978 haberent

16 2999 18 3062 ἲ
121 2994 633 3070 Romani,quibusveservas,siquidde·

17 3127 18 3134 ,
119 3071 258 3144 liquerint,
270 3075 387 3130 dominre
397 3086 555 3146 torquerent
564 3097 632 3134 cru-

121 3151 224 3208 ciatibus
241 3193 249 3221 ,
268 3153 375 3208 vidend.
397 3155 559 3211 Prunonsus
570 3196 579 3224 ,
600 3161 633 3212 de

17 3289 18 3295 q
121 3239 212 3298 semin
226 3233 381 3302 Bulsinius,
396 3235 472 3287 Mem.
483 3237 516 3288 de
525 3235 632 3290 l'Acad.

121 3314 163 3364 des
174 3315 293 3381 Inscn'pl.
306 3321 369 3366 tom.
380 3329 471 3378 xxxv,
485 3333 509 3382 p.
522 3312 588 3379 328;
605 3323 633 3367 et

123 3389 240 3460 Propert.
249 3389 295 3458 lv',
307 3390 381 3460 Eleg.
389 3406 446 3458 vn,
459 3389 506 3463 39,
517 3411 574 3462 sqq.
586 3391 632 3446 ubi

124 3467 267 3540 Cynthium
277 3470 315 3524 sic
325 3469 481 3539 loquentem
493 3469 611 3526 inducit:

121 3556 230 3612 Nostraque
244 3559 298 3612 quod
314 3559 380 3598 Petale
398 3560 446 3598 tulit
461 3560 487 3600 ed
505 3568 632 3600 monuments

143 3713 218 3752 Codicis
225 3713 326 3752 immundi
335 3713 415 3752 vinnula
425 3715 484 3753 sentit
492 3726 548 3754 snus.

121 3785 202 3824 i'nditur
210 3795 230 3825 et
239 3787 325 3837 Lalnge,
335 3788 392 3826 tortis
402 3801 495 3840 suspensa
504 3787 595 3840 capillis,

141 3859 178 3898 Per
184 3873 255 3900 nonen
263 3861 359 3913 quonism
369 3869 399 3900 est
408 3875 457 3902 ause
464 3874 531 3912 rogare
538 3873 611 3898 neum.

151 3959 190 3992 αι.
199 3943 276 4008 Ergo.
284 3939 396 3994 Mallem
403 3960 495 4009 ergone
502 3960 510 3993 .·
518 3939 629 4008 deinde,

119 4023 259 4084 ptolemeo
268 4022 368 4086 gratiis,
382 4017 460 4072 vellet
468 4019 603 4074 Francius.

151 4115 190 4148 aa.
206 4097 365 4166 Illaparum.
376 4099 463 4164 Attis,
476 4097 577 4152 Dousae
585 4117 631 4152 ex-

122 4183 213 4242 rerpta.

154 4253 191 4307 23.
198 4257 287 4310 Redde
292 4261 377 4342 os'cerq
381 4263 488 4326 merdin·
492 4262 633 4328 gralols'ces‘

677 1681 736 1718 esse
748 1671 796 1718 ese
812 1659 953 1732 Quidquid
963 1660 1087 1714 effutiant
1100 1659 1191 1733 Micyl.

678 1741 772 1796 Heius.
783 1750 811 1794 et
821 1741 969 1794 Burmann.
982 1739 1027 1809 qui
1038 1744 1193 1810 summs‘qui-

678 1823 748 1884 dem,
761 1822 812 1874 sed
819 1823 933 1874 domines
949 1825 1034 1872 tamen
1052 1817 1191 1886 (Quintil.)

678 1908 709 1950 ut
725 1916 801 1952 suam
814 1898 923 1968 quisque
940 1895 1100 1952 senteutiam
1111 1905 1192 1948 tuea-

679 1986 734 2044 tur,
745 1976 834 2032 locum
846 1976 882 2030 sic
893 1975 973 2029 velim
984 1975 1155 2045 interpungas
1169 1990 1175 2025 :

792 2059 885 2098 ...Grato
893 2059 939 2096 lieet
947 2071 989 2096 esse
997 2085 1004 2106 ,
1015 2058 1070 2109 quod
1079 2063 1142 2108 optes.

680 2135 780 2190 Sensus
791 2133 887 2204 quippe
900 2151 906 2186 :
919 2129 1077 2199 jamdudum
1085 2135 1193 2197 exoptas

679 2215 814 2285 prolecto,
827 2222 857 2264 ut
869 2209 941 2280 quod
952 2209 998 2264 tibi
1011 2207 1136 2278 prestiti,
1154 2225 1194 2270 re·

680 2290 780 2362 pendas
803 2289 940 2352 officium
973 2306 1004 2340 ea
1018 2305 1074 2340 sese
1093 2285 1193 2355 prebet

681 2369 795 2436 occasio,
805 2386 886 2438 quam
896 2377 925 2420 tu
934 2365 1040 2434 arripias
1050 2368 1122 2426 licet,
1130 2382 1192 2431 gra-

680 2456 733 2504 tum
750 2459 775 2504 te
791 2445 939 2518 prestandi.
967 2445 1029 2500 Nou
1042 2443 1116 2498 onim
1131 2441 1193 2498 satis

680 2528 758 2582 video
771 2547 819 2582 cur
828 2532 901 2594 optes
908 2524 1025 2594 janitor,
1040 2532 1070 2576 ut
1081 2529 1193 2589 tempora

680 2611 850 2670 noctescunt,
863 2613 891 2658 et
902 2622 991 2658 versus
1003 2602 1192 2656 hicinsercala-

680 2692 717 2740 ris
729 2685 841 2740 omnino
852 2681 1036 2738 distrahendus
1047 2680 1191 2751 praeeunti-

680 2767 744 2834 bus,
758 2765 799 2820 vel
810 2783 881 2836 pone
891 2762 1072 2819 subeuntibus.

712 2847 753 2911 24.
774 2847 876 2897 Excute
887 2847 964 2912 poste
985 2859 1076 2894 seram.
1096 2837 1189 2892 Multis

678 2922 735 2981 hnc
742 2923 853 2978 illustrat
863 2921 1005 2988 Salmasius
1018 2920 1109 2974 Exere.
1120 2915 1189 2970 Plin.

679 3020 736 3072 pag.
756 3002 824 3075 649,
844 3011 872 3055 et
891 3021 964 3072 seqq.
984 2995 1090 3070 Aliquid
1107 2995 1189 3050 etiam

680 3080 828 3134 attulerunt
840 3080 960 3134 Turneb.
973 3095 1036 3143 xlx,
1049 3074 1106 3128 adv.
1120 3094 1151 3142 73
1165 3084 1192 3128 et

680 3157 750 3230 Lips.
762 3159 795 3214 de
810 3159 897 3214 Cruce
908 3175 961 3226 111,
974 3175 1028 3224 rap.
1038 3153 1063 3206 6.

699 3293 702 3300 ,
713 3239 754 3292 25.
765 3237 996 3308 deoptantisast.
1004 3231 1078 3302 Virg.
1087 3229 1142 3284 Eul.
1151 3245 1188 3290 sx,

680 3336 747 3372 vers.
760 3317 809 3384 30,
822 3327 850 3370 et
860 3317 890 3370 31
901 3337 908 3376 ς
920 3310 1143 3382 etprsesertimx,
1156 3309 1192 3374 4:

679 3407 715 3446 Ss'e
726 3406 763 3446 tibi
771 3433 778 3454 ,
791 3419 853 3458 quern
860 3405 932 3448 fluetus
940 3401 1071 3442 subterlabere
1078 3400 1158 3439 suanos
1166 3426 1173 3445 ,

679 3480 738 3519 Doris
747 3492 813 3518 ansus
823 3491 879 3517 sum
885 3489 926 3516 non
932 3475 1065 3514 intermiserant
1073 3472 1152 3512 undem.

680 3551 717 3606 Et
728 3552 847 3606 Tibullus
857 3550 902 3604 lib.
912 3566 938 3616 1,
951 3548 1025 3618 Eleg.
1037 3563 1084 3612 tv,
1100 3565 1111 3598 1
1126 3563 1134 3598 s

679 3638 713 3676 Sis
721 3636 814 3676 umbrosa
823 3635 860 3674 tibi
869 3634 982 3683 eontingsnt
989 3637 1048 3678 teste,
1059 3628 1138 3680 Priape.

678 3713 802 3779 -bmga
809 3713 915 3762 relevere
921 3711 1021 3760 calena.
1028 3702 1191 3758 Primseedd.

679 3799 707 3841 et
717 3787 793 3842 codd.
805 3785 943 3850 nonnulli,
957 3788 996 3836 sic
1007 3785 1190 3852 aequandum

679 3870 787 3920 relevere
800 3870 902 3918 calena.
917 3863 1070 3918 Puteaneus
1078 3881 1195 3916 cumre-

679 3946 737 4016 gio,
749 3954 776 3998 et
783 3944 870 3998 Juresi
877 3943 1019 4014 excerptis,
1031 3941 1193 3998 etAruude-

678 4021 749 4078 liano
762 4041 768 4075 :
781 4029 820 4078 sic
830 4041 938 4093 unquam
949 4027 1028 4091 longa
1037 4033 1103 4090 ete,
1116 4025 1194 4089 longa

679 4101 761 4156 etiam
772 4111 811 4156 est
823 4102 851 4154 in
865 4121 903 4156 ex.
921 4101 1016 4171 Scalig.
1025 4111 1053 4156 et
1062 4099 1192 4164 Puteani;

679 4179 730 4234 boc
740 4192 778 4234 est
789 4219 796 4248 ,
814 4199 872 4250 quae
885 4180 932 4234 diu
945 4221 953 4249 ,
971 4184 1117 4249 longamque
1129 4190 1155 4232 te
1167 4177 1195 4230 li·

679 4260 763 4331 gavit,
777 4271 856 4316 recte.
869 4261 928 4318 Vox
940 4260 1013 4316 enim
1025 4263 1101 4328 longa
1117 4254 1195 4326 signi-
