2852 4982
226 489 288 570 ae
515 487 555 551 r.
583 487 770 554 0v1u11
800 483 1036 556 uasours
1113 509 1117 516 ·

290 629 361 702 Nec
379 642 489 698 tamen
505 622 642 724 eloquio
656 621 771 720 lingua
786 642 928 700 nocente
947 631 1044 700 carel.

214 815 222 832 ,
241 747 326 818 Fors
343 770 395 816 me
413 741 557 814 sermoni
573 722 691 814 testem
709 739 822 815 dedit:
838 739 896 815 illa
912 741 1072 818 mouebat

289 857 401 945 Talia;
419 886 471 931 me
491 855 641 957 duplices
659 857 833 932 occuluere
850 857 950 932 sores.

214 1010 231 1041 «
246 974 334 1062 Scis,
351 973 447 1061 bera,
467 990 516 1061 te,
534 1001 608 1048 mea
624 972 700 1078 lux,
714 975 827 1074 juveni
843 973 1007 1076 placuisse
1023 975 1134 1049 beato.

287 1089 407 1178 Haesit,
428 1107 461 1163 et
478 1089 515 1162 in
529 1088 624 1163 vultu
641 1091 792 1166 constitit
808 1119 915 1194 usquc
935 1109 1003 1164 tuo.

239 1210 285 1281 Et
298 1207 353 1280 cui
369 1233 438 1278 non
455 1204 610 1308 placeas?
626 1205 712 1280 nulli
729 1225 786 1281 tua
803 1207 911 1281 forma
927 1207 1072 1281 secunda
1089 1223 1149 1282 est.
1278 1233 1309 1281 25

287 1323 346 1396 Me
363 1323 532 1408 miseram!
552 1322 676 1419 dignus
692 1351 832 1426 corpore
851 1323 961 1397 cultus
978 1323 1082 1398 abest.

238 1441 322 1513 Tam
338 1438 417 1514 felix
435 1467 540 1528 esses,
559 1468 659 1540 quam
675 1438 933 1528 formosissima,
952 1438 1089 1514 vellem!
1149 1537 1153 1544 Ι

287 1555 365 1628 Nou
380 1585 457 1652 ego,
477 1574 509 1630 te
526 1555 614 1629 facta
628 1555 746 1645 divite,
766 1585 894 1658 pauper
912 1585 980 1630 ero.
998 1587 1001 1592 ·

238 1670 341 1746 Stella
353 1672 417 1746 tibi
434 1673 584 1774 oppositi
599 1671 716 1745 nocuit
731 1673 897 1746 contraria
913 1671 1033 1746 Martis
1051 1699 1059 1743 :

286 1791 381 1863 Mars
398 1789 496 1878 abiit;
511 1789 608 1884 signo
626 1819 716 1863 nunc
732 1791 848 1864 Venus
865 1805 943 1890 apta
960 1816 1031 1862 suo.
1278 1811 1311 1861 30

238 1979 500 2045 merarePuteaneus,
512 1978 606 2047 aliique
612 1978 748 2046 meliores,
797 1978 916 2034 sednon
932 1997 998 2048 opus
1016 1987 1056 2030 est
1071 1979 1209 2046 perdere,
1226 1980 1311 2044 pridie

239 2068 266 2110 et
277 2066 357 2110 reete.
370 2055 487 2125 Epistola
501 2057 625 2109 OEuones
640 2070 702 2108 ror:
797 2055 960 2125 intelligere,
981 2073 1065 2123 quum
1081 2065 1108 2106 et
1121 2054 1223 2124 longius
1233 2065 1309 2107 tem-

238 2147 269 2185 Ur
276 2147 340 2184 minor
349 2145 429 2184 Atrides
439 2148 532 2185 remorati
542 2145 614 2185 roden
624 2145 670 2184 teeti
796 2153 847 2204 ¹pue
855 2145 946 2201 notet,
959 2143 986 2187 et
998 2151 1047 2204 pro
1055 2152 1137 2201 nuper
1142 2141 1233 2186 utatur
1239 2132 1310 2186 Ter-

265 2221 347 2260 otmar.
797 2212 854 2267 tull.
867 2211 943 2282 Apol.
957 2213 980 2278 4.
998 2211 1043 2266 Sic
1054 2231 1112 2264 cras
1123 2211 1203 2265 etiam
1215 2209 1309 2279 desa-

241 2291 276 2344 Et
288 2292 316 2344 in
328 2291 395 2344 libro
410 2291 521 2344 Metam.
533 2305 574 2357 11,
589 2291 635 2364 591
649 2305 656 2340 :
797 2298 872 2354 turo,
891 2302 921 2344 ut
934 2301 1036 2344 notum.
1054 2291 1152 2345 Burro.
1170 2319 1204 2332 ·-
1215 2293 1312 2344 Iurene·

239 2385 285 2433 An,
293 2399 337 2436 quar
345 2398 379 2434 per
386 2391 447 2422 totam
455 2396 486 2421 rea
496 2390 526 2420 eat
535 2381 636 2419 notissima
644 2381 737 2430 Lesbon,
793 2375 925 2441 placul'm
936 2376 1018 2424 bealo.
1032 2371 1063 2426 Id
1075 2381 1130 2438 est,
1143 2391 1223 2441 quem
1233 2371 1310 2425 donis

239 2459 330 2506 nnana
338 2455 375 2492 zur
387 2463 428 2502 ⁰⁵²2
439 2453 526 2506 partim
537 2461 641 2491 “mm
649 2449 715 2489 wb'ss‘
798 2449 921 2502 omnibus
932 2449 1054 2502 instruxit
1065 2451 1172 2502 fortuna
1183 2461 1189 2496 τ
1201 2449 1309 2502 Tibullo

239 2527 390 2583 Ntffimfflffl?
571 2523 652 2564 *¹⁸¹¹*
799 2525 914 2595 denique
925 2525 1045 2595 cuidam,
1063 2526 1098 2580 de
1109 2543 1161 2596 quo
1173 2525 1268 2579 Horat.
1281 2543 1307 2588 1,

272 2625 312 2656 aa.
328 2605 454 2670 Duplr'ces
463 2601 545 2668 serres.
567 2597 638 2666 Quae
655 2596 751 2668 duplici
799 2601 956 2673 Ep.1v,b:

239 2681 326 2736 tabula
354 2679 529 2742 constabant,
561 2675 750 2746 dupliciterque
1064 2689 1244 2741 uirtutem,

239 2758 432 2828 aperiebantur.
444 2754 543 2808 Graecis
554 2755 611 2824 pari
622 2753 704 2808 modo
718 2761 752 2809 u-
798 2759 824 2803 nt
833 2761 869 2801 riht
877 2763 1060 2803 tivtmsteterune
1066 2763 1260 2815 memquetmesas.

239 2843 320 2906 κλίσξες.
337 2835 438 2887 Harae.
455 2861 489 2874 -
509 2835 655 2886 occuluere.
673 2833 753 2885 oen·-
832 2839 871 2904 24.
884 2839 981 2900 Hasd,
993 2841 1054 2889 etin
1061 2841 1310 2894 wltuconstr'tr'tus-

239 2931 327 2974 nuere,
341 2911 529 2964 Mentelianus.
790 2929 846 2984 'que
859 2921 908 2967 tuo.
928 2912 1020 2967 Simile
1036 2913 1088 2968 hoc
1098 2915 1203 2969 illustris
1215 2916 1309 2970 Douza
1346 2907 1351 2914 ’

274 2987 1309 3063 mmmmfflmdmmffimmwm

239 3069 318 3141 pellat
326 3069 410 3140 ipsam
419 3067 551 3138 puellam,
565 3077 595 3121 ut
605 3067 630 3120 ei
636 3065 752 3120 blandia·
799 3071 901 3139 Elqur'a
907 3070 1120 3123 considerantum
1126 3073 1252 3123 deserant
1258 3078 1310 3124 orel·

240 3163 299 3218 tur,
318 3170 347 3204 ae
365 3149 579 3202 benevolentiam
596 3157 689 3216 captet.
707 3145 751 3200 stc
799 3151 848 3201 Ius.
859 3148 929 3218 Quae
936 3157 1027 3200 tamen
1036 3147 1192 3218 egodiversa
1200 3167 1255 3202 esse
1263 3169 1310 3220 pu·

240 3230 321 3282 etiarn
329 3228 419 3297 incipit
426 3227 516 3296 Elegia
524 3225 556 3278 ad
563 3225 752 3294 Demophoon·
798 3235 827 3279 to
839 3245 846 3278 ε
858 3226 893 3278 ibi
906 3225 980 3279 enirn
992 3227 1133 3292 test-rant,
1146 3236 1185 3279 est
1196 3245 1246 3296 pro
1257 3247 1308 3281 co—
1401 3277 1402 3281 ,

239 3321 311 3377 tem,
325 3307 394 3380 apud
406 3309 528 3378 Propert.
540 3305 608 3359 libro
620 3305 751 3358 secundo:
799 3303 945 3368 haeserant,
958 3302 1036 3356 vieini
1047 3311 1134 3366 eraut,
1144 3313 1171 3355 et
1179 3323 1310 3374 peream·
1400 3349 1401 3371 ,

239 3392 347 3441 δάμω
356 3388 395 3438 mi,
407 3389 478 3427 multas
486 3388 559 3440 pariter
566 3387 661 3438 placuisse
668 3387 749 3438 puellas.
800 3379 862 3432 dem
879 3380 975 3433 rimam
994 3380 1107 3448 junellm
1127 3381 1311 3450 specttlanles:

240 3470 274 3522 ln
291 3465 407 3536 quodam
425 3474 515 3516 tamen
533 3459 594 3514 MS.
612 3459 752 3530 exemplari
798 3461 842 3514 bic
858 3460 943 3529 agitur
962 3460 995 3514 de
1012 3461 1122 3528 juveni,
1142 3461 1188 3530 qui
1204 3462 1308 3517 obviam

239 3541 439 3615 seriptumlegi,
448 3544 591 3610 derepere,
603 3559 659 3591 non
667 3559 752 3608 pera:
798 3539 881 3593 factus
892 3539 1001 3608 puellae,
1014 3550 1041 3594 et
1053 3540 1109 3608 ejus
1120 3540 1235 3614 spumam
1247 3549 1309 3593 stu-

241 3643 299 3692 quae
317 3622 394 3675 lectio
411 3619 477 3672 mihi
493 3637 548 3670 non
568 3614 703 3686 displicet,
721 3629 752 3672 ut
785 3623 1091 3688 ·pensconste'terat,·et‚
1104 3627 1134 3670 ut
1145 3618 1240 3687 laqueo
1248 3637 1311 3688 cap·
1395 3651 1397 3664 ‹

241 3704 299 3753 κατὰ
311 3703 336 3752 τὲ
349 3702 487 3768 σιωπώμενον
498 3694 687 3766 intelligamus,
702 3696 752 3766 pri·
799 3705 856 3764 tus,
869 3699 984 3750 hoeseral.

241 3779 283 3830 die
291 3795 370 3846 quam
379 3778 411 3830 ad
420 3777 576 3832 tentandam
585 3775 698 3845 puellam
708 3795 752 3830 ac·
832 3791 871 3847 29.
889 3775 970 3828 Stella
992 3778 1043 3828 tr'br'
1054 3779 1166 3842 oppositi
1178 3785 1227 3829 etc.
1252 3776 1311 3830 Cur

240 3855 502 3923 cessissetlenahaec,
515 3875 575 3908 eam
584 3856 666 3908 visam
674 3855 751 3908 luisse
798 3853 867 3908 male
880 3873 922 3906 res
934 3855 960 3905 in
972 3853 1086 3905 amando
1098 3852 1241 3920 cederent,
1255 3857 1311 3924 qrri·

242 3953 256 3986 a
268 3931 383 4001 quodam
395 3933 508 4000 juvene,
527 3935 571 4003 qui
584 3933 672 3988 statim
684 3933 750 3988 illius
797 3933 846 3986 bus
858 3933 906 3985 sub
916 3933 1010 3982 Mariis
1022 3931 1107 3984 sidere
1119 3932 1188 3984 nasci
1201 3932 1310 3985 accide-

241 4027 331 4062 amore
343 4021 479 4078 correptus
490 4009 540 4076 sit,
554 4030 602 4080 pro
615 4031 667 4080 quo
679 4029 752 4064 nune
798 4022 852 4074 ret,
866 4027 922 4062 nou
932 4019 971 4062 est
978 4009 1014 4062 ita
1021 4011 1308 4078 saeilecoujieiendum,

240 4087 296 4140 baec
306 4087 385 4139 verba
396 4087 582 4156 saciatDipsas.
594 4091 662 4140 Here
672 4089 751 4158 igitur
799 4107 882 4158 quum
909 4105 1029 4140 amorem
1052 4088 1126 4142 Deus
1144 4087 1186 4142 ille
1203 4085 1309 4143 facilem

242 4162 395 4216 adverbium
412 4175 468 4229 est,
485 4183 534 4233 pro
546 4167 602 4216 beri
608 4185 617 4230 ,·
630 4175 659 4216 ut
671 4175 752 4218 staret
799 4165 881 4232 adeo,
894 4165 1022 4234 totiesque
1035 4177 1156 4236 expertus
1166 4167 1256 4220 suerit.

240 4241 423 4297 versusMan.
433 4241 514 4295 Recte
523 4241 629 4311 quidem
636 4242 750 4294 blarius:
832 4243 871 4294 30.
885 4245 969 4296 Venus
978 4251 1039 4311 apia
1049 4251 1098 4298 luo.
1115 4247 1193 4297 Tuam
1203 4244 1308 4314 signum
