2852 4982
564 1069 952 1157 EPIGRAMMA

186 1267 191 1276 ’
278 1303 541 1410 renen
585 1305 853 1412 0v1n11
896 1305 1228 1414 alsonis
1287 1281 1289 1288 ’

512 1547 564 1614 m
600 1545 731 1614 snos
764 1546 992 1632 AMoans.

223 1795 320 1923 QUI
334 1821 437 1894 modo
452 1821 598 1895 Nasonis
614 1821 781 1898 breramus
800 1823 948 1926 quinque
966 1823 1088 1917 libelli,

269 1943 354 2014 Tres
371 1963 485 2010 sumus
502 1967 509 2009 :
524 1937 591 2010 hoc
607 1936 658 2010 illi
674 1938 822 2040 praetulit
839 1960 956 2016 auctor
973 1971 1070 2044 opus.

222 2060 271 2130 Ut
284 2057 351 2155 jam
370 2051 463 2126 nulla
480 2053 542 2125 tibi
560 2082 623 2126 nos
640 2055 686 2136 sit
700 2054 819 2151 legisse
837 2056 1010 2158 voluptas,

271 2173 318 2246 At
330 2169 435 2244 levior
452 2169 684 2280 demtispoena
703 2173 838 2248 duobus
856 2174 933 2246 erit.
988 2263 1004 2280 a

258 2411 280 2443 1.
300 2392 353 2456 Qui
361 2392 435 2442 modo
446 2401 494 2443 eto
510 2391 664 2444 Praemonet
678 2391 733 2446 lec-
781 2399 812 2444 ut
822 2391 998 2445 minustenos
1005 2391 1091 2462 legere
1101 2391 1207 2460 juverit,
1212 2411 1295 2460 pana

223 2480 310 2522 torem
318 2466 430 2521 Ovidius
441 2469 541 2537 priores
552 2474 657 2537 quinque
668 2487 733 2537 quos
749 2527 757 2535 ,
781 2470 875 2524 saltem
891 2473 972 2522 Ιενίον
982 2476 1046 2534 etit,
1064 2487 1149 2538 quum
1160 2475 1212 2532 tras
1225 2481 1294 2524 tan-

224 2547 257 2600 de
268 2547 400 2600 amoribus
408 2547 460 2600 suis
470 2546 569 2600 libellos
576 2547 687 2616 luserat,
705 2547 733 2599 in
783 2559 852 2614 tum,
860 2567 909 2618 pro
919 2547 1033 2617 quisqam
1043 2547 1149 2617 legendi
1161 2567 1235 2602 nunc
1246 2551 1295 2604 tibi

224 2632 276 2677 tres
283 2645 369 2694 nuper
378 2625 410 2678 ab
418 2634 523 2678 auctore
535 2625 653 2678 redactos
662 2623 735 2678 nnnc
782 2626 842 2678 sint.
861 2625 945 2694 Quod
963 2645 1058 2695 parum
1074 2624 1198 2678 videntur
1213 2626 1295 2680 intel-

225 2702 347 2772 prodire;
365 2713 392 2756 et
408 2713 529 2756 veterum
541 2721 632 2771 more,
650 2705 734 2772 quiin
781 2702 889 2769 lexisse;
902 2703 947 2772 qui
954 2707 1026 2756 nulla
1034 2703 1081 2757 tibi
1088 2723 1138 2757 non
1145 2703 1178 2756 sit
1186 2703 1293 2774 legisse,

223 2781 297 2833 istius
308 2780 382 2832 modi
393 2781 604 2850 inscriptionibus
617 2801 659 2835 res
668 2783 736 2851 ipsas
783 2782 947 2851 scripserant.

226 2867 272 2910 aut
287 2877 411 2926 personas
428 2857 565 2926 loquentes
585 2858 734 2927 inducunt,
816 2861 840 2926 4.
863 2862 952 2912 Poena.
970 2857 1117 2912 Modestius
1134 2864 1198 2911 sane
1216 2871 1295 2928 poeta

225 2936 285 3005 ipsis
301 2935 392 2989 libellis
408 2933 441 2989 de
459 2955 486 2988 se
502 2935 628 3005 loquendi
644 2955 735 2990 curam
778 2957 880 3005 penam
890 2937 941 2992 hoc
948 2948 1038 3005 vocat,
1050 2936 1121 3007 quod
1130 2936 1294 3006 voluptatem

190 3039 193 3042 ·
226 3013 376 3066 committit.
783 3015 867 3070 lector
884 3017 1012 3086 quisque,
1030 3027 1057 3070 et
1073 3016 1216 3070 maximam
1233 3017 1295 3084 qui-

261 3091 284 3144 3.
300 3092 396 3164 Utjam
403 3094 476 3144 nulla
485 3095 536 3144 tibi
541 3111 588 3144 nos
598 3097 635 3146 si!
645 3095 735 3160 legisse
784 3092 864 3160 dem,
885 3095 978 3165 viginti
995 3095 1050 3148 sere
1069 3093 1164 3150 abhinc
1175 3094 1292 3160 saeculis,

227 3171 347 3237 valuptas
354 3179 403 3224 etc.
414 3169 513 3224 Sensus
519 3179 570 3223 est:
582 3169 604 3222 si
611 3188 666 3223 sors
674 3169 737 3226 velit
784 3183 935 3226 constanter
945 3172 1101 3243 praedicavit.
