2852 4982
353 490 592 560 AMORUM
622 494 653 558 1.
675 493 822 560 ELEG.
856 495 927 564 IV.
1138 501 1176 568 13

153 633 340 732 Junetaque
358 659 492 733 semper,
507 649 606 706 munt
621 631 760 706 nomina
777 647 893 707 nostra
911 635 988 708 tuis.

130 827 617 898 nsJuactaquesemperemereretur·
665 827 711 881 sed
723 829 776 882 vati
788 829 871 884 amica
879 851 1027 902 perennem
1035 835 1134 891 samam
1143 838 1180 892 vi·
1197 809 1199 812 Ι

3 917 4 930 ³
109 908 267 963 mortalitau's
278 927 323 975 spe
333 907 452 960 animum
461 907 545 976 tangit
554 925 618 959 mu·
666 906 761 961 deatur
773 921 909 964 assertura.
923 911 1027 967 Laudes
1038 914 1173 986 intelligit,

110 977 614 1053 liebreni;seditautnonvatesamicae,
666 989 1181 1062 quaetotumorbemolimpersonabunt.
1208 997 1210 1004 ‘

465 1267 704 1356 ennom
734 1271 822 1384 lv„

110 1593 164 1632 CUM
185 1592 278 1634 amca
299 1594 492 1649 GOENATURUS,
510 1595 610 1636 MORB'!
630 1594 688 1648 Qua
711 1595 787 1636 ARTE
805 1596 858 1634 VEB
882 1597 1061 1640 eumenem
1081 1602 1178 1646 vlnuu

249 1751 254 1760 1
278 1692 395 1732 consuls
408 1691 516 1734 amotus
529 1693 628 1733 uuum
640 1692 725 1734 SIGNA
736 1694 848 1736 Possm
862 1693 994 1736 FAHERE.

109 1801 194 1906 VIR
213 1849 291 1906 tuus
310 1852 361 1908 est
377 1835 493 1938 epulas
509 1835 611 1910 nobis
629 1834 779 1909 aditurus
798 1837 947 1934 easdem:

152 1949 279 2024 Ultima
294 1980 388 2027 corna
404 1971 464 2026 tuo
483 1953 543 2042 sit,
562 1981 683 2054 precor
692 1958 706 2042 ‚'
715 1951 772 2026 illa
790 1954 884 2028 viro!

108 2065 195 2160 Ergo
213 2095 276 2161 ego
295 2066 447 2144 dilectam
466 2087 597 2144 tantum
614 2070 750 2144 conviva
766 2069 912 2170 puellam

153 2183 368 2286 Adspicinn?
386 2186 479 2281 tangi
497 2215 596 2288 quem
613 2186 721 2285 juvet,
739 2185 822 2260 alter
838 2189 925 2263 erit?

108 2297 318 2400 Alteriusque
336 2301 430 2374 sinus
447 2319 523 2402 apte
538 2301 688 2400 subjecta
705 2302 863 2392 fovebis?

154 2415 284 2514 lnjiciet
302 2414 405 2505 collo,
426 2445 530 2518 quum
547 2416 657 2507 volet,
676 2416 732 2514 ille
750 2422 912 2495 manum?

107 2529 226 2604 Desine
242 2531 374 2618 mirari,
392 2533 506 2633 posito
522 2531 615 2633 quod
632 2533 771 2610 candida
788 2537 868 2610 vino

152 2648 283 2723 Atracis
302 2649 477 2744 ambiguos
494 2649 594 2722 traxit
609 2647 748 2724 in'arma
764 2652 865 2724 viros.
897 2653 900 2662 ¹

107 2766 173 2839 Nec
184 2765 269 2839 mihi
285 2763 367 2839 silva
385 2764 523 2854 domus,
542 2793 603 2839 nec
616 2793 704 2866 equo
717 2759 792 2840 mea
803 2766 951 2841 membra
964 2765 1152 2844 cohaerent:

140 2975 161 3006 1.
176 2915 277 3023 Epulas
286 2957 361 3006 nobas
376 2957 494 3006 aditurus
505 2955 615 3006 cardena.
700 2975 722 3024 7.
735 2956 841 3007 Desine.
853 2953 947 3006 Douza
959 2954 1069 3023 edebat,
1082 2959 1179 3014 desua.

108 3031 159 3084 Pro
170 3035 288 3092 easdem,
304 3050 368 3099 quas
382 3050 448 3097 nos,
460 3031 563 3084 adituri.
577 3031 616 3085 si·

3 3169 4 3184 χ
108 3110 301 3180 mitgraeeismo
311 3109 464 3176 Lucretius,
475 3124 526 3174 111,
540 3112 617 3162 1051:

271 3225 296 3238 ...
307 3200 398 3250 Quorum
406 3207 458 3237 nunt
467 3199 567 3238 Homerus

109 3273 182 3323 &epm
190 3274 265 3323 potitus
275 3273 348 3310 ndum
355 3271 401 3310 als'r's
411 3271 485 3321 sopitu'
493 3271 559 3322 quiete
566 3279 603 3310 est.

111 3344 139 3396 ld
146 3357 199 3411 est,
209 3348 300 3398 eadem
310 3383 317 3406 ‚
327 3364 378 3414 qua
389 3343 432 3398 alii
440 3354 488 3398 etc.
498 3364 505 3408 ;
519 3355 618 3400 etnos·

109 3433 147 3476 ter
157 3423 339 3492 Metamorph.
356 3423 423 3476 libro
435 3437 504 3490 xm,
519 3426 568 3476 50:

108 3506 132 3544 tn
140 3521 191 3546 nimo
202 3507 235 3544 itte
243 3535 251 3554 ,
258 3507 331 3545 eadem
338 3505 394 3544 notis
401 3505 479 3556 juratos
490 3505 511 3544 in
519 3519 580 3544 erma.

138 3580 161 3632 t
182 3583 294 3634 Tantum
303 3581 421 3645 canaria,
429 3582 542 3646 puellam
549 3582 618 3632 ads-

105 3661 209 3722 piciam!
224 3657 396 3725 Quibuseam
403 3657 465 3710 velit
474 3657 554 3712 oculis
560 3661 619 3710 ads·

104 3740 185 3800 pr'cere
196 3737 258 3790 satis
271 3735 387 3801 indicat‚·
404 3745 431 3788 et
443 3735 543 3804 euplus
556 3735 619 3788 dicit

108 3819 202 3868 tantum
213 3820 334 3879 conarer,
348 3833 400 3883 quo
412 3814 487 3884 plura
497 3815 597 3868 reticet.

138 3895 161 3946 5.
176 3896 247 3960 Apte
258 3893 485 3960 subseclasorebr's.
498 3893 619 3960 Subsecla

108 3980 145 4022 est
160 3973 230 4040 infra
245 3975 363 4024 cubans:
383 3980 414 4024 ut
431 3969 550 4041 Caligula
569 3989 618 4023 so-

3 4069 4 4078 *
108 4065 176 4102 rores
188 4069 247 4104 suas
258 4050 328 4102 insra
338 4067 365 4102 se
375 4047 531 4115 collocabat,
544 4047 617 4102 Suet.

108 4143 128 4177 c
136 4129 174 4193 πή.
186 4128 260 4182 Hinc
269 4127 312 4180 illc
321 4128 395 4196 jocus
403 4126 472 4196 apud
481 4125 617 4193 eumdem,

3 4219 4 4232 ¹
109 4221 159 4272 cap.
167 4225 220 4275 seq.
231 4209 616 4274 Nolt'ntoremmcampmmere‚
631 4258 634 4264 ,

109 4283 165 4350 quia
173 4286 252 4340 nimis
263 4304 346 4356 prope
359 4304 387 4339 se
398 4285 425 4340 ei
437 4284 600 4338 admovebat

698 3033 721 3084 8.
737 3033 878 3100 Ambrkuos
890 3037 967 3085 varos.
980 3031 1129 3090 Centauros
1139 3037 1179 3090 in·

665 3109 773 3181 telligit,
787 3110 832 3179 qni
847 3113 963 3178 amomi
975 3111 1036 3165 ideo
1049 3112 1179 3168 diceban-

666 3197 727 3255 tur,
755 3187 826 3257 quod
852 3188 985 3242 incertum
1002 3199 1059 3243 erat
1075 3204 1181 3262 aspectu

665 3266 766 3336 primo,
779 3276 806 3320 et
817 3270 967 3336 ambianum,
979 3267 1135 3325 hominesne
1145 3292 1179 3325 an

666 3347 882 3400 tert-Atracis.
897 3345 1065 3416 Hippodame
1077 3348 1180 3404 Atracis

666 3425 1179 3497 fluviifilia,quam‚quumPirithoojam
1250 3450 1257 3490 χ

640 3552 648 3572 ,
666 3503 811 3573 nupsisset,
825 3503 911 3573 rapuit
923 3501 1123 3557 Centaurorum
1135 3525 1180 3560 sae·

666 3581 1180 3654 vissimusEurytus;raptamvero'l'he·

667 3658 1178 3732 seussustulitsurentihus.Indepugna‚
1276 3697 1279 3705 .

669 3757 749 3806 quam
761 3737 812 3790 vid.
825 3735 895 3806 apud
906 3737 1049 3805 Nostrum,
1066 3739 1180 3798 Metam.

667 3815 734 3870 libro
747 3831 802 3881 xla,
815 3835 881 3868 vers.
894 3815 959 3880 235,
972 3835 1027 3884 sqq.

700 3914 724 3966 9.
741 3896 796 3947 Nec
808 3897 946 3946 mr'hisilva
954 3897 1043 3949 domus
1054 3907 1102 3952 etc.
1115 3899 1178 3953 Non

668 3991 717 4041 ego
738 3969 904 4037 Centaurus,
927 3971 1050 4028 silvarum
1075 3977 1178 4043 incola;

668 4070 718 4104 nee
727 4069 784 4119 qnae
796 4049 935 4106 hominem
944 4055 997 4107 mei
1009 4074 1068 4124 pars
1080 4059 1178 4125 refert,

667 4129 695 4182 in
714 4147 813 4198 equum
829 4128 925 4184 desinit
938 4150 943 4182 :
955 4151 1016 4185 cave
1032 4140 1121 4187 tamen
1141 4153 1176 4188 nc

667 4207 783 4260 ferinum
795 4207 858 4276 quid
868 4209 967 4273 ausim;
987 4216 1032 4264 oia
1047 4218 1114 4265 enam
1123 4233 1141 4264 a
1152 4219 1179 4264 te

668 4305 758 4340 manas
767 4304 873 4354 possum
885 4293 976 4340 telem
1073 4307 1074 4312 ¹
