2852 4982
364 487 605 556 AMORUM
635 491 665 556 1.
694 489 843 558 ELEG.
873 491 944 560 VI.
1145 499 1188 563 25

109 632 208 707 Arma
226 628 302 732 quis
318 628 390 702 baec
407 629 548 704 timeat?
566 629 643 730 quis
659 657 731 702 noo
748 647 802 704 eat
820 630 941 704 obvius
958 629 1049 706 illis?

155 750 325 849 Tempora
339 745 451 820 noetis
466 761 567 835 eunt;
583 763 699 822 excute
717 764 816 846 poste
835 775 950 822 seram.
1155 769 1189 842 40

109 865 235 939 Lentus
252 865 310 938 es?
326 891 369 937 an
384 889 540 952 somnus,
560 863 619 964 qui
637 891 673 938 se
689 862 775 938 male
791 863 924 965 praebet
939 864 1079 954 amanti,

153 978 269 1054 Verba
286 979 344 1054 dat
361 980 398 1052 in
413 997 533 1054 ventos
550 1009 629 1056 aure
646 978 782 1081 repulsa
799 982 883 1054 tua?

110 1098 170 1185 At,
185 1097 339 1184 memini,
353 1096 481 1198 primo,
501 1125 605 1197 quum
624 1114 656 1170 te
675 1093 780 1170 celare
796 1095 964 1186 volebam,

154 1211 302 1308 Pervigil
318 1213 354 1285 in
370 1213 491 1288 mediae
502 1212 613 1288 sidera
625 1212 737 1288 noetis
754 1241 847 1310 eras.⁴
905 1301 908 1306 ¹

108 1331 263 1404 Forsitan
282 1347 316 1404 et
333 1347 443 1404 tecum
461 1347 519 1404 tna
534 1359 625 1404 nunc
642 1329 824 1431 requiescit
837 1329 958 1404 amica:
1155 1351 1189 1422 45

154 1448 251 1522 Heu!
269 1445 388 1520 melior
407 1465 534 1549 quanto
553 1475 630 1520 sors
649 1464 706 1520 tua
723 1463 814 1520 sorte
828 1447 921 1519 mea!

108 1563 302 1636 Dummodo
320 1563 385 1652 sie,
404 1565 441 1637 in
458 1593 510 1638 me
526 1563 617 1638 durae
632 1562 770 1636 transite
789 1578 921 1635 catena.

154 1681 323 1781 Tempora
339 1681 450 1755 noctis
468 1698 566 1768 eunt;
585 1697 704 1754 excute
722 1696 820 1781 poste
837 1705 955 1752 seram.

110 1795 297 1870 Fallimur?
314 1827 356 1870 an
371 1827 468 1873 verso
487 1813 675 1872 sonuerunt
691 1795 824 1870 cardine
841 1795 980 1896 postes?

157 1915 340 2014 Raucaque
358 1943 528 1989 concussae
546 1915 642 2009 signa
660 1913 779 1986 dedere
797 1911 911 1984 fores?

111 2027 291 2118 Fallimur,
307 2030 453 2131 impulsa
470 2049 521 2106 est
537 2031 689 2104 animoso
706 2030 807 2127 janua
822 2045 932 2101 vento.

111 2241 203 2276 corona
213 2226 303 2276 comat.
318 2221 399 2276 Haud
411 2223 465 2278 scio
477 2242 512 2276 an
524 2241 580 2278 non
591 2223 627 2278 le·
675 2221 874 2287 dormientem,
888 2220 933 2289 qui
945 2220 1026 2290 possit
1035 2219 1068 2272 ad
1080 2220 1193 2274 amicam

112 2300 228 2369 gendum
246 2301 351 2370 potuit,
369 2321 417 2354 nec
436 2305 547 2356 madidis
558 2312 626 2370 eto,
674 2299 853 2354 introducere.
869 2298 952 2367 Quod
965 2299 1001 2351 ita
1013 2298 1139 2367 planum,
1152 2319 1193 2352 ex·

112 2379 355 2434 utindicetsenon
363 2399 396 2434 eo
409 2382 560 2436 convivium
568 2399 628 2451 pro-
674 2397 762 2448 presse
779 2377 846 2432 adeo
865 2397 897 2431 ex
920 2378 980 2446 ipsis
999 2387 1085 2447 poeta
1106 2377 1193 2430 verbis

111 2457 213 2525 tulisse,
226 2477 282 2528 quo
292 2479 390 2512 corona
402 2459 534 2527 fluerent,
548 2463 626 2514 labe·
676 2458 777 2518 elucet,
801 2466 833 2510 ut
856 2455 1088 2525 interpretandum
1109 2455 1192 2509 libens

113 2543 199 2588 rentur
207 2555 221 2589 e
229 2536 314 2606 capite
324 2537 510 2592 convivarum:
519 2537 589 2607 quod
597 2547 628 2590 ut
676 2533 829 2601 omiserim,
842 2535 893 2588 nisi
900 2535 929 2588 in
938 2532 1141 2604 interpretando
1149 2533 1193 2586 alii

112 2615 208 2668 facilius
229 2615 331 2683 fieret,
357 2635 463 2672 corooae
484 2616 628 2688 unguentis
676 2613 867 2668 oberraverint.

112 2693 300 2750 irrorabantur.
324 2697 355 2750 si
373 2717 437 2752 vero
455 2708 549 2768 sponte
570 2715 627 2750 non
709 2695 750 2762 43.
769 2697 852 2761 Quum
871 2699 897 2746 le
908 2695 992 2746 celare
1004 2693 1129 2746 volebam.
1149 2691 1195 2744 Me

10 2829 11 2852 Χ
113 2776 261 2842 defluerent,
273 2773 464 2830 scindebantur
475 2785 521 2830 aut
538 2775 629 2829 detra·
676 2777 761 2828 celare
781 2775 916 2832 volebam,
944 2779 1047 2840 septem
1066 2767 1195 2822 codices:

10 2909 11 2930 ἶ
113 2850 259 2916 bebantur;
280 2873 310 2906 ac
322 2853 451 2922 proinde,
468 2853 541 2906 velut
553 2853 628 2922 signo
677 2856 845 2921 quatuor,te
851 2853 1068 2902 solebamtrecte.
1076 2846 1193 2911 Canace,

10 2939 11 2972 t
115 2929 186 2992 dato,
200 2931 375 2986 convivarum
387 2932 498 3000 quisque
509 2929 629 2984 effunde·
676 2927 1193 2997 rutecetaemusunumfflascrv,149:

10 3039 11 3042 =
115 3007 189 3061 batur
200 3009 230 3061 in
240 3010 375 3080 amplexus
388 3011 460 3078 eius,
470 3028 530 3078 quae
540 3009 630 3078 proxi-
681 3010 719 3060 Ut
731 3013 804 3075 lega!
813 3010 863 3060 doc
873 3009 987 3076 celetque
997 3009 1067 3058 viros
1080 3008 1195 3058 Fortuna

116 3104 157 3138 ma
165 3087 190 3140 ei
202 3087 339 3140 assidebat.
352 3087 480 3157 Insignis,
492 3098 520 3140 et
528 3087 561 3140 ad
570 3105 629 3140 rem
678 3086 1005 3140 eu'rilisPraeslal.H11ns.

116 3175 232 3218 nostram
249 3166 397 3234 plurimum
408 3166 523 3232 faciens,
549 3165 631 3220 Tullii
710 3166 751 3234 47.
767 3167 799 3216 Iu
817 3183 857 3217 me
877 3166 945 3218 dum
962 3168 1073 3216 transite
1090 3167 1196 3215 cateno.

116 3241 197 3309 loeus,
210 3244 319 3296 Tuscul.
339 3244 441 3312 Quaest.
453 3261 471 3298 v
483 3263 491 3298 ι
505 3266 519 3291 s
536 3245 631 3313 ltaque
680 3244 755 3296 Vere
762 3243 843 3314 igitur
851 3249 957 3305 calena,
968 3239 1195 3310 etdumquidem,

10 3335 11 3344 ¹
117 3338 163 3374 nec
168 3321 293 3390 pulchros
300 3322 356 3376 illos
362 3321 632 3376 administratoresaa·
679 3324 779 3394 janitor
788 3334 845 3377 crat
851 3322 1010 3394 impeditus,
1020 3339 1103 3390 quum
1115 3338 1197 3388 exop-

10 3403 11 3410 ’
117 3398 631 3471 piciebat,necplenunrartisargentum,
680 3413 722 3458 tet
736 3403 850 3458 Ovidius
871 3415 902 3457 ut
925 3404 953 3456 in
972 3404 1060 3472 ipsum
1076 3399 1197 3470 janitoris

10 3531 11 3550 ἓ
117 3495 164 3530 nec
174 3497 288 3530 manum
301 3478 491 3548 porrigebatad
502 3497 632 3534 mensam·
679 3487 778 3535 calena
796 3487 945 3543 transeant,
965 3479 1065 3546 modo,
1085 3488 1116 3530 ut
1134 3475 1195 3542 ille,

10 3565 11 3634 J
116 3555 176 3609 Jam
189 3557 254 3626 ipsae
264 3560 411 3624 affluebant
419 3578 525 3613 corone.
533 3581 548 3606 »
680 3579 736 3612 cum
748 3565 834 3612 amica
842 3564 991 3629 requiescat.

145 3636 188 3702 41.
199 3638 301 3688 Lentus
310 3641 363 3692 es?
382 3656 418 3688 aa
431 3655 534 3690 somnus
544 3643 589 3706 qui
603 3643 630 3690 te
713 3640 754 3710 49.
766 3641 967 3691 Fallimurhn.
981 3633 1074 3687 Codex
1084 3632 1195 3699 Donate,

10 3715 11 3740 ³
117 3717 180 3764 male
186 3718 286 3782 prabet
295 3722 403 3769 amanti.
422 3715 532 3782 Scribe,
550 3721 632 3784 quise
673 3716 819 3784 fallimus?
829 3723 884 3770 aut.

10 3821 11 3824 ¹
117 3793 633 3863 aalepmbctamanti:atqueitaoodex
714 3798 755 3847 51.
769 3798 900 3847 Fateatur.
913 3792 986 3845 Male
997 3791 1025 3844 in
1035 3790 1139 3844 Aldinis
1150 3809 1198 3844 eo-

118 3869 232 3937 Douaae,
246 3881 274 3928 et
286 3872 419 3937 Sarravii,
432 3883 460 3926 et
471 3871 634 3926 Arundelia-
681 3870 782 3924 ditibus
793 3870 982 3940 interrogative
996 3869 1107 3940 legitur:
1118 3887 1198 3938 supra

118 3951 545 4014 nmnmrsfflecreadditmale,
556 3951 631 4020 qnia,
681 3951 755 4004 enim
771 3952 934 4020 interrogat;
953 3949 995 4002 bic
1013 3959 1104 4002 autem
1122 3946 1196 4000 affir-

10 4091 11 4096 ,
119 4034 181 4080 teste
196 4029 294 4082 Servio
304 4028 338 4081 ad
350 4029 424 4099 Virg.
439 4047 473 4096 x,
490 4029 554 4082 AEn.
566 4030 631 4096 321,
681 4026 1198 4094 matzundcetcausamreddit,dieens
1242 4091 1248 4098 ι

116 4109 219 4170 praeberi
224 4108 296 4162 bona
309 4106 445 4162 dicuntur.
458 4135 492 4148 -
500 4110 545 4161 Aa
556 4127 632 4160 som·
680 4114 848 4177 abrpulsaetc
861 4110 982 4162 Marc-
993 4109 1126 4160 Amazon.
1138 4105 1198 4158 Ad-

121 4200 176 4247 m,
189 4193 267 4255 qru’se
273 4189 345 4239 male
348 4189 553 4252 prate-tamaro:
560 4187 633 4240 Nihil
681 4208 752 4242 serso
765 4188 954 4258 Neapolitanus
966 4207 974 4239 :
986 4185 1059 4256 quod
1071 4195 1130 4255 apte
1143 4182 1199 4252 qui·

123 4265 215 4318 amanei
225 4265 320 4334 peius,
335 4283 417 4334 quam
427 4264 503 4320 illum
512 4265 632 4322 invenire
681 4267 745 4322 dem
756 4267 878 4338 explicari
890 4276 995 4336 potest,
1009 4275 1037 4319 et
1045 4265 1109 4318 olim
1118 4262 1198 4316 etiarn
