<?xml version="1.0" encoding="UTF-8"?>
<!DOCTYPE html PUBLIC "-//W3C//DTD XHTML 1.0 Transitional//EN"
    "http://www.w3.org/TR/xhtml1/DTD/xhtml1-transitional.dtd">
<html xmlns="http://www.w3.org/1999/xhtml" xml:lang="en" lang="en">
 <head>
  <title>
</title>
<meta http-equiv="Content-Type" content="text/html;charset=utf-8" />
  <meta name='ocr-system' content='tesseract 3.04.00' />
  <meta name='ocr-capabilities' content='ocr_page ocr_carea ocr_par ocr_line ocrx_word'/>
</head>
<body>
  <div class='ocr_page' id='page_1' title='image "bibliothecaclas103lemagoog_0024.png"; bbox 0 0 2852 4982; ppageno 0'>
   <div class='ocr_carea' id='block_1_1' title="bbox 402 473 939 544">
    <p class='ocr_par' dir='ltr' id='par_1_1' title="bbox 402 473 939 544">
     <span class='ocr_line' id='line_1_1' title="bbox 402 473 939 544; baseline -0.004 -1"><span class='ocrx_word' id='word_1_1' title='bbox 402 473 637 544; x_wconf 82' lang='lat' dir='ltr'>AMORUM</span> <span class='ocrx_word' id='word_1_2' title='bbox 669 475 699 540; x_wconf 94' lang='lat' dir='ltr'><strong>l.</strong></span> <span class='ocrx_word' id='word_1_3' title='bbox 731 473 880 543; x_wconf 85' lang='lat' dir='ltr'><strong>ELEG.</strong></span> <span class='ocrx_word' id='word_1_4' title='bbox 910 476 939 542; x_wconf 91' lang='lat'><strong>1.</strong></span> 
     </span>
    </p>
   </div>
   <div class='ocr_carea' id='block_1_2' title="bbox 131 611 1227 1998">
    <p class='ocr_par' dir='ltr' id='par_1_2' title="bbox 131 611 1202 833">
     <span class='ocr_line' id='line_1_2' title="bbox 131 611 997 715; baseline 0 -25"><span class='ocrx_word' id='word_1_5' title='bbox 131 617 196 690; x_wconf 84' lang='lat' dir='ltr'><strong>Nec</strong></span> <span class='ocrx_word' id='word_1_6' title='bbox 213 613 297 696; x_wconf 90' lang='lat' dir='ltr'><strong>mihi</strong></span> <span class='ocrx_word' id='word_1_7' title='bbox 314 613 450 688; x_wconf 88' lang='lat' dir='ltr'><strong>materia</strong></span> <span class='ocrx_word' id='word_1_8' title='bbox 466 631 517 690; x_wconf 91' lang='lat' dir='ltr'><strong>est</strong></span> <span class='ocrx_word' id='word_1_9' title='bbox 534 612 680 688; x_wconf 88' lang='lat' dir='ltr'><strong>numeris</strong></span> <span class='ocrx_word' id='word_1_10' title='bbox 698 611 881 689; x_wconf 88' lang='lat' dir='ltr'><strong>levioribus</strong></span> <span class='ocrx_word' id='word_1_11' title='bbox 899 630 997 715; x_wconf 86' lang='lat' dir='ltr'><strong>apta,</strong></span> 
     </span>
     <span class='ocr_line' id='line_1_3' title="bbox 176 729 1202 833; baseline 0 -27"><span class='ocrx_word' id='word_1_12' title='bbox 176 733 247 806; x_wconf 85' lang='lat' dir='ltr'><strong>Aut</strong></span> <span class='ocrx_word' id='word_1_13' title='bbox 263 761 363 833; x_wconf 87' lang='lat' dir='ltr'><strong>puer,</strong></span> <span class='ocrx_word' id='word_1_14' title='bbox 374 736 441 806; x_wconf 70' lang='lat' dir='ltr'><strong>&#39;aut</strong></span> <span class='ocrx_word' id='word_1_15' title='bbox 457 729 575 828; x_wconf 87' lang='lat' dir='ltr'><strong>longas</strong></span> <span class='ocrx_word' id='word_1_16' title='bbox 592 747 701 806; x_wconf 87' lang='lat' dir='ltr'><strong>comta</strong></span> <span class='ocrx_word' id='word_1_17' title='bbox 717 729 830 832; x_wconf 90' lang='lat' dir='ltr'><strong>puella</strong></span> <span class='ocrx_word' id='word_1_18' title='bbox 847 759 967 806; x_wconf 89' lang='lat' dir='ltr'><strong>comas.</strong></span> <span class='ocrx_word' id='word_1_19' title='bbox 1012 748 1016 754; x_wconf 86' lang='lat'>&#39;</span> <span class='ocrx_word' id='word_1_20' title='bbox 1169 773 1202 810; x_wconf 72' lang='lat'><strong>20</strong></span> 
     </span>
    </p>

    <p class='ocr_par' dir='ltr' id='par_1_3' title="bbox 132 846 1088 1065">
     <span class='ocr_line' id='line_1_4' title="bbox 132 846 1088 948; baseline 0 -26"><span class='ocrx_word' id='word_1_21' title='bbox 132 849 279 946; x_wconf 77' lang='lat' dir='ltr'><strong>Questus</strong></span> <span class='ocrx_word' id='word_1_22' title='bbox 293 876 397 934; x_wconf 91' lang='lat' dir='ltr'><strong>eram;</strong></span> <span class='ocrx_word' id='word_1_23' title='bbox 416 847 572 948; x_wconf 82' lang='lat' dir='ltr'><strong>pharetra</strong></span> <span class='ocrx_word' id='word_1_24' title='bbox 591 875 696 948; x_wconf 91' lang='lat' dir='ltr'><strong>quum</strong></span> <span class='ocrx_word' id='word_1_25' title='bbox 711 847 868 947; x_wconf 89' lang='lat' dir='ltr'><strong>protinus</strong></span> <span class='ocrx_word' id='word_1_26' title='bbox 885 846 941 924; x_wconf 92' lang='lat' dir='ltr'><strong>ille</strong></span> <span class='ocrx_word' id='word_1_27' title='bbox 959 846 1088 937; x_wconf 89' lang='lat' dir='ltr'><strong>soluta,</strong></span> 
     </span>
     <span class='ocr_line' id='line_1_5' title="bbox 176 963 873 1065; baseline 0 -27"><span class='ocrx_word' id='word_1_28' title='bbox 176 965 275 1060; x_wconf 85' lang='lat' dir='ltr'><strong>Legit</strong></span> <span class='ocrx_word' id='word_1_29' title='bbox 290 965 327 1037; x_wconf 93' lang='lat' dir='ltr'><strong>in</strong></span> <span class='ocrx_word' id='word_1_30' title='bbox 345 964 482 1040; x_wconf 87' lang='lat' dir='ltr'><strong>exitium</strong></span> <span class='ocrx_word' id='word_1_31' title='bbox 495 963 625 1065; x_wconf 90' lang='lat' dir='ltr'><strong>spicula</strong></span> <span class='ocrx_word' id='word_1_32' title='bbox 639 963 725 1040; x_wconf 84' lang='lat' dir='ltr'><strong>facta</strong></span> <span class='ocrx_word' id='word_1_33' title='bbox 741 992 873 1038; x_wconf 91' lang='lat' dir='ltr'><strong>mcum:</strong></span> 
     </span>
    </p>

    <p class='ocr_par' dir='ltr' id='par_1_4' title="bbox 131 1078 1001 1298">
     <span class='ocr_line' id='line_1_6' title="bbox 131 1078 938 1181; baseline 0 -27"><span class='ocrx_word' id='word_1_34' title='bbox 131 1081 340 1181; x_wconf 82' lang='lat' dir='ltr'>Lunavitque</span> <span class='ocrx_word' id='word_1_35' title='bbox 357 1110 445 1176; x_wconf 87' lang='lat' dir='ltr'><strong>genu</strong></span> <span class='ocrx_word' id='word_1_36' title='bbox 461 1080 638 1154; x_wconf 86' lang='lat' dir='ltr'><strong>sinuosum</strong></span> <span class='ocrx_word' id='word_1_37' title='bbox 654 1078 786 1154; x_wconf 85' lang='lat' dir='ltr'><strong>fortiter</strong></span> <span class='ocrx_word' id='word_1_38' title='bbox 802 1109 938 1154; x_wconf 89' lang='lat' dir='ltr'><strong>arcum:</strong></span> 
     </span>
     <span class='ocr_line' id='line_1_7' title="bbox 179 1194 1001 1298; baseline 0.001 -29"><span class='ocrx_word' id='word_1_39' title='bbox 179 1195 350 1298; x_wconf 86' lang='lat' dir='ltr'><strong>Quodque</strong></span> <span class='ocrx_word' id='word_1_40' title='bbox 369 1225 482 1282; x_wconf 87' lang='lat' dir='ltr'><strong>cauas,</strong></span> <span class='ocrx_word' id='word_1_41' title='bbox 500 1197 619 1286; x_wconf 84' lang='lat' dir='ltr'><strong>Vates,</strong></span> <span class='ocrx_word' id='word_1_42' title='bbox 639 1197 766 1296; x_wconf 81' lang='lat' dir='ltr'><strong>accipe,</strong></span> <span class='ocrx_word' id='word_1_43' title='bbox 786 1194 886 1284; x_wconf 81' lang='lat' dir='ltr'><strong>dixit,</strong></span> <span class='ocrx_word' id='word_1_44' title='bbox 906 1225 1001 1297; x_wconf 89' lang='lat' dir='ltr'><strong>opus.</strong></span> 
     </span>
    </p>

    <p class='ocr_par' dir='ltr' id='par_1_5' title="bbox 133 1311 1227 1530">
     <span class='ocr_line' id='line_1_8' title="bbox 133 1311 1227 1414; baseline 0.002 -26"><span class='ocrx_word' id='word_1_45' title='bbox 133 1315 187 1394; x_wconf 85' lang='lat' dir='ltr'><strong>llic</strong></span> <span class='ocrx_word' id='word_1_46' title='bbox 203 1314 383 1388; x_wconf 86' lang='lat' dir='ltr'><strong>miserum!</strong></span> <span class='ocrx_word' id='word_1_47' title='bbox 403 1331 508 1387; x_wconf 90' lang='lat' dir='ltr'><strong>certas</strong></span> <span class='ocrx_word' id='word_1_48' title='bbox 524 1312 646 1387; x_wconf 90' lang='lat' dir='ltr'><strong>habuit</strong></span> <span class='ocrx_word' id='word_1_49' title='bbox 662 1341 748 1414; x_wconf 90' lang='lat' dir='ltr'><strong>puer</strong></span> <span class='ocrx_word' id='word_1_50' title='bbox 764 1311 821 1387; x_wconf 90' lang='lat' dir='ltr'><strong>ille</strong></span> <span class='ocrx_word' id='word_1_51' title='bbox 839 1313 987 1408; x_wconf 82' lang='lat' dir='ltr'><strong>sagittas.</strong></span> <span class='ocrx_word' id='word_1_52' title='bbox 1172 1339 1205 1390; x_wconf 76' lang='lat'><strong>25</strong></span> <span class='ocrx_word' id='word_1_53' title='bbox 1222 1365 1227 1370; x_wconf 80' lang='lat'><strong>,</strong></span> 
     </span>
     <span class='ocr_line' id='line_1_9' title="bbox 178 1427 932 1530; baseline -0.003 -26"><span class='ocrx_word' id='word_1_54' title='bbox 178 1432 286 1517; x_wconf 89' lang='lat' dir='ltr'><strong>Uror;</strong></span> <span class='ocrx_word' id='word_1_55' title='bbox 307 1427 389 1502; x_wconf 90' lang='lat' dir='ltr'><strong>etin</strong></span> <span class='ocrx_word' id='word_1_56' title='bbox 405 1456 510 1502; x_wconf 89' lang='lat' dir='ltr'><strong>vacuo</strong></span> <span class='ocrx_word' id='word_1_57' title='bbox 528 1445 663 1530; x_wconf 87' lang='lat' dir='ltr'><strong>pectore</strong></span> <span class='ocrx_word' id='word_1_58' title='bbox 682 1446 800 1524; x_wconf 86' lang='lat' dir='ltr'><strong>regnat</strong></span> <span class='ocrx_word' id='word_1_59' title='bbox 816 1430 932 1502; x_wconf 87' lang='lat' dir='ltr'><strong>Amor.</strong></span> 
     </span>
    </p>

    <p class='ocr_par' dir='ltr' id='par_1_6' title="bbox 134 1544 1073 1744">
     <span class='ocr_line' id='line_1_10' title="bbox 134 1544 1073 1650; baseline -0.001 -30"><span class='ocrx_word' id='word_1_60' title='bbox 134 1545 194 1620; x_wconf 84' lang='lat' dir='ltr'><strong>Sex</strong></span> <span class='ocrx_word' id='word_1_61' title='bbox 209 1546 293 1620; x_wconf 90' lang='lat' dir='ltr'><strong>mihi</strong></span> <span class='ocrx_word' id='word_1_62' title='bbox 310 1563 425 1641; x_wconf 82' lang='lat' dir='ltr'><strong>surgat</strong></span> <span class='ocrx_word' id='word_1_63' title='bbox 442 1572 528 1646; x_wconf 92' lang='lat' dir='ltr'><strong>opus</strong></span> <span class='ocrx_word' id='word_1_64' title='bbox 540 1544 702 1632; x_wconf 86' lang='lat' dir='ltr'><strong>numeris;</strong></span> <span class='ocrx_word' id='word_1_65' title='bbox 722 1545 758 1620; x_wconf 89' lang='lat' dir='ltr'><strong>in</strong></span> <span class='ocrx_word' id='word_1_66' title='bbox 775 1544 924 1646; x_wconf 84' lang='lat' dir='ltr'><strong>quinque</strong></span> <span class='ocrx_word' id='word_1_67' title='bbox 940 1545 1073 1650; x_wconf 82' lang='lat' dir='ltr'><strong>residat.</strong></span> 
     </span>
     <span class='ocr_line' id='line_1_11' title="bbox 177 1657 889 1744; baseline -0.003 -8"><span class='ocrx_word' id='word_1_68' title='bbox 177 1665 296 1738; x_wconf 81' lang='lat' dir='ltr'><strong>Ferrea</strong></span> <span class='ocrx_word' id='word_1_69' title='bbox 312 1682 390 1737; x_wconf 70' lang='lat' dir='ltr'><strong>&#39;cum</strong></span> <span class='ocrx_word' id='word_1_70' title='bbox 406 1659 525 1735; x_wconf 86' lang='lat' dir='ltr'><strong>vestris</strong></span> <span class='ocrx_word' id='word_1_71' title='bbox 542 1657 632 1734; x_wconf 88' lang='lat' dir='ltr'><strong>bella</strong></span> <span class='ocrx_word' id='word_1_72' title='bbox 648 1657 753 1744; x_wconf 81' lang='lat' dir='ltr'><strong>valete</strong></span> <span class='ocrx_word' id='word_1_73' title='bbox 769 1659 889 1734; x_wconf 90' lang='lat' dir='ltr'><strong>modis.</strong></span> 
     </span>
    </p>

    <p class='ocr_par' dir='ltr' id='par_1_7' title="bbox 136 1768 1206 1998">
     <span class='ocr_line' id='line_1_12' title="bbox 136 1768 972 1878; baseline -0.004 -24"><span class='ocrx_word' id='word_1_74' title='bbox 136 1781 272 1877; x_wconf 82' lang='lat' dir='ltr'><strong>Cingere</strong></span> <span class='ocrx_word' id='word_1_75' title='bbox 289 1779 409 1854; x_wconf 80' lang='lat' dir='ltr'><strong>litorea</strong></span> <span class='ocrx_word' id='word_1_76' title='bbox 424 1777 577 1852; x_wconf 87' lang='lat' dir='ltr'><strong>flaventia</strong></span> <span class='ocrx_word' id='word_1_77' title='bbox 595 1795 745 1878; x_wconf 88' lang='lat' dir='ltr'><strong>tempora</strong></span> <span class='ocrx_word' id='word_1_78' title='bbox 761 1794 894 1878; x_wconf 88' lang='lat' dir='ltr'><strong>myrto,</strong></span> <span class='ocrx_word' id='word_1_79' title='bbox 969 1768 972 1780; x_wconf 51' lang='lat'><strong><em>¹</em></strong></span> 
     </span>
     <span class='ocr_line' id='line_1_13' title="bbox 179 1893 1206 1998; baseline -0.004 -26"><span class='ocrx_word' id='word_1_80' title='bbox 179 1899 293 1988; x_wconf 87' lang='lat' dir='ltr'><strong>Musa,</strong></span> <span class='ocrx_word' id='word_1_81' title='bbox 311 1926 372 1998; x_wconf 89' lang='lat' dir='ltr'><strong>per</strong></span> <span class='ocrx_word' id='word_1_82' title='bbox 389 1896 543 1970; x_wconf 89' lang='lat' dir='ltr'><strong>undenos</strong></span> <span class='ocrx_word' id='word_1_83' title='bbox 561 1893 783 1970; x_wconf 86' lang='lat' dir='ltr'><strong>emodulanda</strong></span> <span class='ocrx_word' id='word_1_84' title='bbox 799 1895 910 1996; x_wconf 90' lang='lat' dir='ltr'><strong>pedes.</strong></span> <span class='ocrx_word' id='word_1_85' title='bbox 1173 1918 1206 1969; x_wconf 79' lang='lat'><strong>30</strong></span> 
     </span>
    </p>
   </div>
   <div class='ocr_carea' id='block_1_3' title="bbox 135 2109 644 2974">
    <p class='ocr_par' dir='ltr' id='par_1_8' title="bbox 135 2109 642 2504">
     <span class='ocr_line' id='line_1_14' title="bbox 170 2109 640 2186; baseline 0.002 -21"><span class='ocrx_word' id='word_1_86' title='bbox 170 2133 207 2186; x_wconf 74' lang='lat'><strong>¹9·</strong></span> <span class='ocrx_word' id='word_1_87' title='bbox 230 2115 286 2168; x_wconf 83' lang='lat' dir='ltr'><strong>Nec</strong></span> <span class='ocrx_word' id='word_1_88' title='bbox 305 2117 375 2168; x_wconf 75' lang='lat' dir='ltr'><strong>mitt</strong></span> <span class='ocrx_word' id='word_1_89' title='bbox 388 2111 503 2166; x_wconf 85' lang='lat' dir='ltr'><strong>Variant</strong></span> <span class='ocrx_word' id='word_1_90' title='bbox 521 2109 640 2181; x_wconf 82' lang='lat' dir='ltr'><strong>codices,</strong></span> 
     </span>
     <span class='ocr_line' id='line_1_15' title="bbox 135 2193 397 2256; baseline -0.019 -10"><span class='ocrx_word' id='word_1_91' title='bbox 135 2212 211 2256; x_wconf 80' lang='lat' dir='ltr'><strong>nunc,</strong></span> <span class='ocrx_word' id='word_1_92' title='bbox 223 2195 284 2246; x_wconf 65' lang='lat' dir='ltr'><strong>beet</strong></span> <span class='ocrx_word' id='word_1_93' title='bbox 296 2193 377 2246; x_wconf 85' lang='lat' dir='ltr'><strong>Forte</strong></span> <span class='ocrx_word' id='word_1_94' title='bbox 389 2207 397 2241; x_wconf 75' lang='grc' dir='ltr'><em>τ</em></span> 
     </span>
     <span class='ocr_line' id='line_1_16' title="bbox 136 2277 628 2330; baseline -0.014 -7"><span class='ocrx_word' id='word_1_95' title='bbox 136 2285 172 2324; x_wconf 80' lang='lat' dir='ltr'><strong>Det</strong></span> <span class='ocrx_word' id='word_1_96' title='bbox 179 2281 226 2320; x_wconf 79' lang='lat' dir='ltr'><strong>mitt</strong></span> <span class='ocrx_word' id='word_1_97' title='bbox 234 2281 336 2320; x_wconf 80' lang='lat' dir='ltr'><strong>materiem</strong></span> <span class='ocrx_word' id='word_1_98' title='bbox 344 2280 431 2320; x_wconf 76' lang='lat' dir='ltr'><strong>numeris</strong></span> <span class='ocrx_word' id='word_1_99' title='bbox 439 2277 548 2318; x_wconf 76' lang='lat' dir='ltr'><strong>levioribus</strong></span> <span class='ocrx_word' id='word_1_100' title='bbox 555 2286 628 2330; x_wconf 80' lang='lat' dir='ltr'><strong>aptam.</strong></span> 
     </span>
     <span class='ocr_line' id='line_1_17' title="bbox 137 2352 641 2424; baseline -0.004 -16"><span class='ocrx_word' id='word_1_101' title='bbox 137 2356 201 2424; x_wconf 87' lang='lat' dir='ltr'><strong>Vel,</strong></span> <span class='ocrx_word' id='word_1_102' title='bbox 217 2359 272 2410; x_wconf 71' lang='lat' dir='ltr'><strong>sris!</strong></span> <span class='ocrx_word' id='word_1_103' title='bbox 280 2357 480 2407; x_wconf 80' lang='lat' dir='ltr'><strong>mihr&#39;malen&#39;es.</strong></span> <span class='ocrx_word' id='word_1_104' title='bbox 497 2352 533 2405; x_wconf 91' lang='lat' dir='ltr'><strong>H.</strong></span> <span class='ocrx_word' id='word_1_105' title='bbox 547 2353 641 2406; x_wconf 87' lang='lat' dir='ltr'><strong>Frane.</strong></span> 
     </span>
     <span class='ocr_line' id='line_1_18' title="bbox 137 2431 642 2504; baseline -0.012 -18"><span class='ocrx_word' id='word_1_106' title='bbox 137 2453 237 2504; x_wconf 88' lang='lat' dir='ltr'><strong>quoque</strong></span> <span class='ocrx_word' id='word_1_107' title='bbox 248 2431 369 2498; x_wconf 88' lang='lat' dir='ltr'><strong>volebat,</strong></span> <span class='ocrx_word' id='word_1_108' title='bbox 386 2449 434 2482; x_wconf 84' lang='lat' dir='ltr'><strong>nec</strong></span> <span class='ocrx_word' id='word_1_109' title='bbox 443 2432 642 2482; x_wconf 59' lang='lat' dir='ltr'><strong>merimannus.</strong></span> 
     </span>
    </p>

    <p class='ocr_par' dir='ltr' id='par_1_9' title="bbox 136 2511 644 2814">
     <span class='ocr_line' id='line_1_19' title="bbox 167 2511 643 2578; baseline -0.015 -10"><span class='ocrx_word' id='word_1_110' title='bbox 167 2535 205 2568; x_wconf 80' lang='lat'><strong>21.</strong></span> <span class='ocrx_word' id='word_1_111' title='bbox 215 2516 341 2566; x_wconf 73' lang='lat' dir='ltr'><strong>pharetra</strong></span> <span class='ocrx_word' id='word_1_112' title='bbox 345 2530 419 2578; x_wconf 83' lang='lat' dir='ltr'><strong>quum</strong></span> <span class='ocrx_word' id='word_1_113' title='bbox 420 2513 537 2578; x_wconf 76' lang='lat' dir='ltr'><strong>protritus</strong></span> <span class='ocrx_word' id='word_1_114' title='bbox 543 2511 588 2561; x_wconf 75' lang='lat' dir='ltr'><strong>ille</strong></span> <span class='ocrx_word' id='word_1_115' title='bbox 595 2518 643 2563; x_wconf 83' lang='lat' dir='ltr'><strong>etc.</strong></span> 
     </span>
     <span class='ocr_line' id='line_1_20' title="bbox 136 2585 644 2652; baseline -0.012 -7"><span class='ocrx_word' id='word_1_116' title='bbox 136 2592 204 2645; x_wconf 84' lang='lat' dir='ltr'><strong>Vere</strong></span> <span class='ocrx_word' id='word_1_117' title='bbox 213 2592 265 2644; x_wconf 91' lang='lat' dir='ltr'><strong>hoc</strong></span> <span class='ocrx_word' id='word_1_118' title='bbox 276 2587 513 2652; x_wconf 76' lang='lat' dir='ltr'><strong>Anacreonticum,</strong></span> <span class='ocrx_word' id='word_1_119' title='bbox 523 2596 550 2639; x_wconf 88' lang='lat' dir='ltr'><strong>et</strong></span> <span class='ocrx_word' id='word_1_120' title='bbox 561 2605 575 2638; x_wconf 91' lang='lat' dir='ltr'><strong>e</strong></span> <span class='ocrx_word' id='word_1_121' title='bbox 587 2585 644 2640; x_wconf 86' lang='lat' dir='ltr'><strong>ses-</strong></span> 
     </span>
     <span class='ocr_line' id='line_1_21' title="bbox 136 2663 644 2735; baseline -0.008 -14"><span class='ocrx_word' id='word_1_122' title='bbox 136 2669 186 2721; x_wconf 84' lang='lat' dir='ltr'><strong>tivo</strong></span> <span class='ocrx_word' id='word_1_123' title='bbox 199 2687 262 2722; x_wconf 85' lang='lat' dir='ltr'><strong>sene</strong></span> <span class='ocrx_word' id='word_1_124' title='bbox 280 2665 470 2735; x_wconf 83' lang='lat' dir='ltr'><strong>depromptum</strong></span> <span class='ocrx_word' id='word_1_125' title='bbox 487 2663 561 2717; x_wconf 84' lang='lat' dir='ltr'><strong>facile</strong></span> <span class='ocrx_word' id='word_1_126' title='bbox 579 2683 644 2718; x_wconf 86' lang='lat' dir='ltr'><strong>cre-</strong></span> 
     </span>
     <span class='ocr_line' id='line_1_22' title="bbox 136 2739 630 2814; baseline -0.018 -13"><span class='ocrx_word' id='word_1_127' title='bbox 136 2746 261 2810; x_wconf 67' lang='lat' dir='ltr'><strong>diderim</strong></span> <span class='ocrx_word' id='word_1_128' title='bbox 280 2763 361 2814; x_wconf 89' lang='lat' dir='ltr'><strong>quem</strong></span> <span class='ocrx_word' id='word_1_129' title='bbox 372 2740 464 2808; x_wconf 83' lang='lat' dir='ltr'><strong>adeas,</strong></span> <span class='ocrx_word' id='word_1_130' title='bbox 478 2739 532 2796; x_wconf 92' lang='lat' dir='ltr'><strong>Od.</strong></span> <span class='ocrx_word' id='word_1_131' title='bbox 544 2757 555 2792; x_wconf 89' lang='lat'>1</span> <span class='ocrx_word' id='word_1_132' title='bbox 566 2751 593 2794; x_wconf 89' lang='lat' dir='ltr'><strong>et</strong></span> <span class='ocrx_word' id='word_1_133' title='bbox 603 2741 630 2793; x_wconf 85' lang='lat'><strong>3.</strong></span> 
     </span>
    </p>

    <p class='ocr_par' dir='ltr' id='par_1_10' title="bbox 136 2820 643 2974">
     <span class='ocr_line' id='line_1_23' title="bbox 167 2820 643 2890; baseline -0.015 -12"><span class='ocrx_word' id='word_1_134' title='bbox 167 2827 242 2878; x_wconf 68' lang='lat' dir='ltr'><strong>aaliz</strong></span> <span class='ocrx_word' id='word_1_135' title='bbox 251 2827 358 2876; x_wconf 67' lang='lat' dir='ltr'><strong>exilium</strong></span> <span class='ocrx_word' id='word_1_136' title='bbox 366 2825 466 2890; x_wconf 74' lang='lat' dir='ltr'><strong>spicula</strong></span> <span class='ocrx_word' id='word_1_137' title='bbox 465 2820 546 2888; x_wconf 76' lang='lat' dir='ltr'><strong>sacta</strong></span> <span class='ocrx_word' id='word_1_138' title='bbox 554 2839 643 2874; x_wconf 79' lang='lat' dir='ltr'><strong>meum.</strong></span> 
     </span>
     <span class='ocr_line' id='line_1_24' title="bbox 136 2901 467 2974; baseline -0.021 -18"><span class='ocrx_word' id='word_1_139' title='bbox 136 2903 177 2956; x_wconf 82' lang='lat' dir='ltr'><strong>sic</strong></span> <span class='ocrx_word' id='word_1_140' title='bbox 188 2903 310 2974; x_wconf 87' lang='lat' dir='ltr'><strong>Propert.</strong></span> <span class='ocrx_word' id='word_1_141' title='bbox 321 2917 358 2970; x_wconf 85' lang='lat'><strong>11,</strong></span> <span class='ocrx_word' id='word_1_142' title='bbox 374 2901 418 2968; x_wconf 80' lang='lat'><strong>18,</strong></span> <span class='ocrx_word' id='word_1_143' title='bbox 431 2902 448 2966; x_wconf 73' lang='grc'><em>4</em></span> <span class='ocrx_word' id='word_1_144' title='bbox 459 2913 467 2948; x_wconf 76' lang='lat'>2</span> 
     </span>
    </p>
   </div>
   <div class='ocr_carea' id='block_1_4' title="bbox 157 2984 572 3028">
    <p class='ocr_par' dir='ltr' id='par_1_11' title="bbox 157 2984 572 3028">
     <span class='ocr_line' id='line_1_25' title="bbox 157 2984 572 3028; baseline -0.01 -1"><span class='ocrx_word' id='word_1_145' title='bbox 157 2989 227 3028; x_wconf 73' lang='lat' dir='ltr'><strong>omnia</strong></span> <span class='ocrx_word' id='word_1_146' title='bbox 234 2990 256 3026; x_wconf 83' lang='lat' dir='ltr'><strong>in</strong></span> <span class='ocrx_word' id='word_1_147' title='bbox 264 2987 352 3026; x_wconf 67' lang='lat' dir='ltr'><strong>attium</strong></span> <span class='ocrx_word' id='word_1_148' title='bbox 358 2993 403 3024; x_wconf 78' lang='lat' dir='ltr'><strong>mr·</strong></span> <span class='ocrx_word' id='word_1_149' title='bbox 411 2984 486 3023; x_wconf 82' lang='lat' dir='ltr'><strong>theatra</strong></span> <span class='ocrx_word' id='word_1_150' title='bbox 499 2997 572 3024; x_wconf 74' lang='lat' dir='ltr'><strong>mmm·</strong></span> 
     </span>
    </p>
   </div>
   <div class='ocr_carea' id='block_1_5' title="bbox 166 3057 644 3129">
    <p class='ocr_par' dir='ltr' id='par_1_12' title="bbox 166 3057 644 3129">
     <span class='ocr_line' id='line_1_26' title="bbox 166 3057 644 3129; baseline -0.008 -15"><span class='ocrx_word' id='word_1_151' title='bbox 166 3063 204 3116; x_wconf 78' lang='lat'><strong>23.</strong></span> <span class='ocrx_word' id='word_1_152' title='bbox 222 3063 454 3129; x_wconf 65' lang='lat' dir='ltr'><strong>hauritquegenu</strong></span> <span class='ocrx_word' id='word_1_153' title='bbox 463 3068 511 3112; x_wconf 82' lang='lat' dir='ltr'><strong>etc.</strong></span> <span class='ocrx_word' id='word_1_154' title='bbox 522 3057 644 3112; x_wconf 77' lang='lat' dir='ltr'><strong>Suaviter</strong></span> 
     </span>
    </p>
   </div>
   <div class='ocr_carea' id='block_1_6' title="bbox 691 2124 1208 2659">
    <p class='ocr_par' dir='ltr' id='par_1_13' title="bbox 691 2124 1208 2659">
     <span class='ocr_line' id='line_1_27' title="bbox 691 2124 1206 2180; baseline 0.006 -16"><span class='ocrx_word' id='word_1_155' title='bbox 691 2126 748 2164; x_wconf 73' lang='lat' dir='ltr'><strong>Iutae</strong></span> <span class='ocrx_word' id='word_1_156' title='bbox 756 2136 777 2162; x_wconf 83' lang='lat' dir='ltr'><strong>se</strong></span> <span class='ocrx_word' id='word_1_157' title='bbox 784 2124 856 2176; x_wconf 79' lang='lat' dir='ltr'><strong>capita,</strong></span> <span class='ocrx_word' id='word_1_158' title='bbox 867 2132 887 2163; x_wconf 75' lang='lat' dir='ltr'><strong>et</strong></span> <span class='ocrx_word' id='word_1_159' title='bbox 893 2125 985 2164; x_wconf 79' lang='lat' dir='ltr'><strong>manibus</strong></span> <span class='ocrx_word' id='word_1_160' title='bbox 994 2126 1034 2177; x_wconf 79' lang='lat' dir='ltr'><strong>jam</strong></span> <span class='ocrx_word' id='word_1_161' title='bbox 1042 2135 1130 2178; x_wconf 76' lang='lat' dir='ltr'><strong>tangeret</strong></span> <span class='ocrx_word' id='word_1_162' title='bbox 1136 2129 1206 2180; x_wconf 76' lang='lat' dir='ltr'><strong>aquis,</strong></span> 
     </span>
     <span class='ocr_line' id='line_1_28' title="bbox 691 2197 1193 2253; baseline 0.01 -18"><span class='ocrx_word' id='word_1_163' title='bbox 691 2197 751 2236; x_wconf 69' lang='lat' dir='ltr'><strong>lava</strong></span> <span class='ocrx_word' id='word_1_164' title='bbox 758 2198 820 2236; x_wconf 66' lang='lat' dir='ltr'><strong>subm</strong></span> <span class='ocrx_word' id='word_1_165' title='bbox 829 2197 877 2236; x_wconf 80' lang='lat' dir='ltr'><strong>sarri</strong></span> <span class='ocrx_word' id='word_1_166' title='bbox 885 2227 891 2247; x_wconf 88' lang='lat'><strong>,</strong></span> <span class='ocrx_word' id='word_1_167' title='bbox 905 2198 975 2238; x_wconf 78' lang='lat' dir='ltr'><strong>dextra</strong></span> <span class='ocrx_word' id='word_1_168' title='bbox 983 2213 1083 2253; x_wconf 70' lang='lat' dir='ltr'><strong>nonoque</strong></span> <span class='ocrx_word' id='word_1_169' title='bbox 1091 2203 1193 2253; x_wconf 77' lang='lat' dir='ltr'><strong>papillam.</strong></span> 
     </span>
     <span class='ocr_line' id='line_1_29' title="bbox 691 2277 1204 2346; baseline 0.014 -17"><span class='ocrx_word' id='word_1_170' title='bbox 691 2303 725 2317; x_wconf 89' lang='lat'><em>-</em></span> <span class='ocrx_word' id='word_1_171' title='bbox 732 2279 895 2346; x_wconf 73' lang='lat' dir='ltr'><strong>Lunavitque.</strong></span> <span class='ocrx_word' id='word_1_172' title='bbox 905 2277 984 2332; x_wconf 76' lang='lat' dir='ltr'><strong>Unus</strong></span> <span class='ocrx_word' id='word_1_173' title='bbox 992 2279 1128 2335; x_wconf 81' lang='lat' dir='ltr'><strong>lllalleian.</strong></span> <span class='ocrx_word' id='word_1_174' title='bbox 1138 2287 1204 2338; x_wconf 71' lang='lat' dir='ltr'><strong>Cus-</strong></span> 
     </span>
     <span class='ocr_line' id='line_1_30' title="bbox 692 2354 1179 2428; baseline 0.012 -19"><span class='ocrx_word' id='word_1_175' title='bbox 692 2361 806 2424; x_wconf 71' lang='lat' dir='ltr'><strong>eantque</strong></span> <span class='ocrx_word' id='word_1_176' title='bbox 818 2374 826 2408; x_wconf 91' lang='lat'><strong>.·</strong></span> <span class='ocrx_word' id='word_1_177' title='bbox 838 2354 909 2424; x_wconf 90' lang='lat' dir='ltr'><strong>quod</strong></span> <span class='ocrx_word' id='word_1_178' title='bbox 921 2357 1035 2411; x_wconf 80' lang='lat' dir='ltr'><strong>fortassis</strong></span> <span class='ocrx_word' id='word_1_179' title='bbox 1045 2359 1179 2428; x_wconf 76' lang='lat' dir='ltr'><strong>glossema.</strong></span> 
     </span>
     <span class='ocr_line' id='line_1_31' title="bbox 725 2433 1208 2507; baseline 0.012 -21"><span class='ocrx_word' id='word_1_180' title='bbox 725 2434 765 2486; x_wconf 72' lang='lat'><strong>20.</strong></span> <span class='ocrx_word' id='word_1_181' title='bbox 785 2434 855 2486; x_wconf 72' lang='lat' dir='ltr'><strong>[Iron</strong></span> <span class='ocrx_word' id='word_1_182' title='bbox 869 2433 969 2488; x_wconf 85' lang='lat' dir='ltr'><strong>Moreti</strong></span> <span class='ocrx_word' id='word_1_183' title='bbox 980 2453 1064 2503; x_wconf 88' lang='lat' dir='ltr'><strong>unus,</strong></span> <span class='ocrx_word' id='word_1_184' title='bbox 1083 2442 1168 2507; x_wconf 67' lang='lat' dir='ltr'><strong>Wcs&#39;t„</strong></span> <span class='ocrx_word' id='word_1_185' title='bbox 1180 2447 1208 2492; x_wconf 76' lang='lat' dir='ltr'><strong>el</strong></span> 
     </span>
     <span class='ocr_line' id='line_1_32' title="bbox 692 2511 1207 2588; baseline 0.019 -24"><span class='ocrx_word' id='word_1_186' title='bbox 692 2517 735 2578; x_wconf 80' lang='lat' dir='ltr'><strong>in,·</strong></span> <span class='ocrx_word' id='word_1_187' title='bbox 747 2511 816 2566; x_wconf 86' lang='lat' dir='ltr'><strong>sorte</strong></span> <span class='ocrx_word' id='word_1_188' title='bbox 829 2513 938 2578; x_wconf 85' lang='lat' dir='ltr'><strong>melius;</strong></span> <span class='ocrx_word' id='word_1_189' title='bbox 957 2533 1013 2568; x_wconf 89' lang='lat' dir='ltr'><strong>uon</strong></span> <span class='ocrx_word' id='word_1_190' title='bbox 1031 2517 1104 2571; x_wconf 90' lang='lat' dir='ltr'><strong>enim</strong></span> <span class='ocrx_word' id='word_1_191' title='bbox 1117 2519 1207 2588; x_wconf 82' lang='lat' dir='ltr'><strong>desa-</strong></span> 
     </span>
     <span class='ocr_line' id='line_1_33' title="bbox 692 2587 1206 2659; baseline 0.014 -15"><span class='ocrx_word' id='word_1_192' title='bbox 692 2594 779 2653; x_wconf 83' lang='lat' dir='ltr'><strong>cibus,</strong></span> <span class='ocrx_word' id='word_1_193' title='bbox 794 2587 840 2644; x_wconf 86' lang='lat' dir='ltr'><strong>sed</strong></span> <span class='ocrx_word' id='word_1_194' title='bbox 852 2589 886 2644; x_wconf 91' lang='lat' dir='ltr'><strong>de</strong></span> <span class='ocrx_word' id='word_1_195' title='bbox 898 2596 1002 2659; x_wconf 65' lang='lat' dir='ltr'><strong>sagittis</strong></span> <span class='ocrx_word' id='word_1_196' title='bbox 1015 2605 1053 2648; x_wconf 87' lang='lat' dir='ltr'><strong>est</strong></span> <span class='ocrx_word' id='word_1_197' title='bbox 1065 2615 1161 2650; x_wconf 86' lang='lat' dir='ltr'><strong>sermo.</strong></span> <span class='ocrx_word' id='word_1_198' title='bbox 1174 2597 1206 2650; x_wconf 89' lang='lat' dir='ltr'><strong>B.</strong></span> 
     </span>
    </p>
   </div>
   <div class='ocr_carea' id='block_1_7' title="bbox 692 2671 1207 2818">
    <p class='ocr_par' dir='ltr' id='par_1_14' title="bbox 692 2671 1207 2818">
     <span class='ocr_line' id='line_1_34' title="bbox 692 2671 1207 2740; baseline 0.016 -19"><span class='ocrx_word' id='word_1_199' title='bbox 692 2695 725 2710; x_wconf 86' lang='lat'><em>-</em></span> <span class='ocrx_word' id='word_1_200' title='bbox 740 2671 772 2722; x_wconf 81' lang='lat' dir='ltr'><strong>In</strong></span> <span class='ocrx_word' id='word_1_201' title='bbox 792 2687 873 2722; x_wconf 85' lang='lat' dir='ltr'><strong>vacuo</strong></span> <span class='ocrx_word' id='word_1_202' title='bbox 885 2676 997 2738; x_wconf 77' lang='lat' dir='ltr'><strong>pectore.</strong></span> <span class='ocrx_word' id='word_1_203' title='bbox 1018 2671 1101 2740; x_wconf 93' lang='lat' dir='ltr'><strong>Quod</strong></span> <span class='ocrx_word' id='word_1_204' title='bbox 1119 2674 1207 2729; x_wconf 89' lang='lat' dir='ltr'><strong>nullus</strong></span> 
     </span>
     <span class='ocr_line' id='line_1_35' title="bbox 693 2747 1054 2818; baseline 0 -16"><span class='ocrx_word' id='word_1_205' title='bbox 693 2747 779 2802; x_wconf 88' lang='lat' dir='ltr'><strong>adhuc</strong></span> <span class='ocrx_word' id='word_1_206' title='bbox 788 2765 864 2800; x_wconf 90' lang='lat' dir='ltr'><strong>amor</strong></span> <span class='ocrx_word' id='word_1_207' title='bbox 875 2761 1054 2818; x_wconf 86' lang='lat' dir='ltr'><strong>occupaverat.</strong></span> 
     </span>
    </p>
   </div>
   <div class='ocr_carea' id='block_1_8' title="bbox 691 2829 1207 3132">
    <p class='ocr_par' dir='ltr' id='par_1_15' title="bbox 691 2829 1207 3132">
     <span class='ocr_line' id='line_1_36' title="bbox 726 2829 1206 2900; baseline 0.008 -20"><span class='ocrx_word' id='word_1_208' title='bbox 726 2848 766 2900; x_wconf 81' lang='lat'><strong>29·</strong></span> <span class='ocrx_word' id='word_1_209' title='bbox 781 2829 887 2896; x_wconf 72' lang='lat' dir='ltr'><strong>Cingere</strong></span> <span class='ocrx_word' id='word_1_210' title='bbox 900 2829 992 2881; x_wconf 76' lang='lat' dir='ltr'><strong>Is&#39;torea</strong></span> <span class='ocrx_word' id='word_1_211' title='bbox 1006 2839 1054 2884; x_wconf 83' lang='lat' dir='ltr'><strong>etr.</strong></span> <span class='ocrx_word' id='word_1_212' title='bbox 1067 2830 1155 2884; x_wconf 83' lang='lat' dir='ltr'><strong>Missis</strong></span> <span class='ocrx_word' id='word_1_213' title='bbox 1164 2850 1206 2884; x_wconf 90' lang='lat' dir='ltr'><strong>ar-</strong></span> 
     </span>
     <span class='ocr_line' id='line_1_37' title="bbox 692 2907 1206 2978; baseline 0.008 -17"><span class='ocrx_word' id='word_1_214' title='bbox 692 2907 825 2978; x_wconf 85' lang='lat' dir='ltr'><strong>gumentis</strong></span> <span class='ocrx_word' id='word_1_215' title='bbox 841 2907 1025 2978; x_wconf 84' lang='lat' dir='ltr'><strong>grandioribus</strong></span> <span class='ocrx_word' id='word_1_216' title='bbox 1041 2949 1048 2977; x_wconf 93' lang='lat'><strong>,</strong></span> <span class='ocrx_word' id='word_1_217' title='bbox 1078 2919 1126 2977; x_wconf 83' lang='lat' dir='ltr'><strong>et,</strong></span> <span class='ocrx_word' id='word_1_218' title='bbox 1148 2907 1206 2978; x_wconf 80' lang='lat' dir='ltr'><strong>qu&#39;ac</strong></span> 
     </span>
     <span class='ocr_line' id='line_1_38' title="bbox 691 2985 1207 3056; baseline 0.002 -18"><span class='ocrx_word' id='word_1_219' title='bbox 691 2985 811 3056; x_wconf 89' lang='lat' dir='ltr'><strong>ipsorum</strong></span> <span class='ocrx_word' id='word_1_220' title='bbox 824 3004 943 3052; x_wconf 85' lang='lat' dir='ltr'><strong>merces,</strong></span> <span class='ocrx_word' id='word_1_221' title='bbox 956 2985 1049 3054; x_wconf 81' lang='lat' dir='ltr'><strong>lauro,</strong></span> <span class='ocrx_word' id='word_1_222' title='bbox 1065 2987 1150 3040; x_wconf 85' lang='lat' dir='ltr'><strong>amori</strong></span> <span class='ocrx_word' id='word_1_223' title='bbox 1163 3006 1207 3040; x_wconf 88' lang='lat' dir='ltr'><strong>ce-</strong></span> 
     </span>
     <span class='ocr_line' id='line_1_39' title="bbox 692 3063 1207 3132; baseline 0 -16"><span class='ocrx_word' id='word_1_224' title='bbox 692 3063 745 3125; x_wconf 89' lang='lat' dir='ltr'><strong>dit,</strong></span> <span class='ocrx_word' id='word_1_225' title='bbox 762 3064 809 3132; x_wconf 65' lang='lat' dir='ltr'><strong>,qui</strong></span> <span class='ocrx_word' id='word_1_226' title='bbox 824 3069 908 3116; x_wconf 73' lang='lat' dir='ltr'><strong>certas</strong></span> <span class='ocrx_word' id='word_1_227' title='bbox 924 3063 1040 3117; x_wconf 90' lang='lat' dir='ltr'><strong>nimium</strong></span> <span class='ocrx_word' id='word_1_228' title='bbox 1057 3067 1149 3118; x_wconf 79' lang='lat' dir='ltr'><strong>habui!</strong></span> <span class='ocrx_word' id='word_1_229' title='bbox 1161 3083 1207 3116; x_wconf 85' lang='lat' dir='ltr'><strong>sa-</strong></span> 
     </span>
    </p>
   </div>
   <div class='ocr_carea' id='block_1_9' title="bbox 136 3137 1207 3212">
    <p class='ocr_par' dir='ltr' id='par_1_16' title="bbox 136 3137 1207 3212">
     <span class='ocr_line' id='line_1_40' title="bbox 136 3137 1207 3212; baseline 0.005 -21"><span class='ocrx_word' id='word_1_230' title='bbox 136 3143 230 3194; x_wconf 76' lang='lat' dir='ltr'><strong>lunasil</strong></span> <span class='ocrx_word' id='word_1_231' title='bbox 236 3181 243 3203; x_wconf 93' lang='lat'><strong>,</strong></span> <span class='ocrx_word' id='word_1_232' title='bbox 262 3159 312 3212; x_wconf 88' lang='lat' dir='ltr'><strong>pro</strong></span> <span class='ocrx_word' id='word_1_233' title='bbox 322 3137 427 3193; x_wconf 88' lang='lat' dir='ltr'><strong>sortiter</strong></span> <span class='ocrx_word' id='word_1_234' title='bbox 438 3138 600 3203; x_wconf 83' lang='lat' dir='ltr'><strong>incurvavit,</strong></span> <span class='ocrx_word' id='word_1_235' title='bbox 613 3148 644 3190; x_wconf 91' lang='lat' dir='ltr'><strong>ut</strong></span> <span class='ocrx_word' id='word_1_236' title='bbox 689 3149 771 3212; x_wconf 65' lang='lat' dir='ltr'><strong>grtias</strong></span> <span class='ocrx_word' id='word_1_237' title='bbox 777 3162 787 3210; x_wconf 86' lang='lat'><strong>,·</strong></span> <span class='ocrx_word' id='word_1_238' title='bbox 798 3153 825 3196; x_wconf 89' lang='lat' dir='ltr'><strong>et</strong></span> <span class='ocrx_word' id='word_1_239' title='bbox 833 3152 920 3196; x_wconf 89' lang='lat' dir='ltr'><strong>totum</strong></span> <span class='ocrx_word' id='word_1_240' title='bbox 929 3161 956 3195; x_wconf 91' lang='lat' dir='ltr'><strong>se</strong></span> <span class='ocrx_word' id='word_1_241' title='bbox 964 3141 1045 3196; x_wconf 89' lang='lat' dir='ltr'><strong>tradit</strong></span> <span class='ocrx_word' id='word_1_242' title='bbox 1053 3141 1164 3196; x_wconf 85' lang='lat' dir='ltr'><strong>eroticis.</strong></span> <span class='ocrx_word' id='word_1_243' title='bbox 1174 3169 1207 3181; x_wconf 92' lang='lat'><em>-</em></span> 
     </span>
    </p>
   </div>
   <div class='ocr_carea' id='block_1_10' title="bbox 138 3217 643 3370">
    <p class='ocr_par' dir='ltr' id='par_1_17' title="bbox 138 3217 643 3370">
     <span class='ocr_line' id='line_1_41' title="bbox 138 3217 642 3290; baseline 0.002 -19"><span class='ocrx_word' id='word_1_244' title='bbox 138 3219 291 3274; x_wconf 85' lang='lat' dir='ltr'><strong>intenderet.</strong></span> <span class='ocrx_word' id='word_1_245' title='bbox 300 3221 371 3274; x_wconf 90' lang='lat' dir='ltr'><strong>Rern</strong></span> <span class='ocrx_word' id='word_1_246' title='bbox 378 3238 458 3290; x_wconf 92' lang='lat' dir='ltr'><strong>porro</strong></span> <span class='ocrx_word' id='word_1_247' title='bbox 463 3220 560 3280; x_wconf 80' lang='lat' dir='ltr'><strong>Noster</strong></span> <span class='ocrx_word' id='word_1_248' title='bbox 565 3217 642 3283; x_wconf 61' lang='lat' dir='ltr'><strong>dicim</strong></span> 
     </span>
     <span class='ocr_line' id='line_1_42' title="bbox 140 3295 643 3370; baseline 0 -20"><span class='ocrx_word' id='word_1_249' title='bbox 140 3297 255 3354; x_wconf 84' lang='lat' dir='ltr'><strong>describit</strong></span> <span class='ocrx_word' id='word_1_250' title='bbox 269 3318 335 3354; x_wconf 88' lang='lat' dir='ltr'><strong>vero</strong></span> <span class='ocrx_word' id='word_1_251' title='bbox 347 3299 422 3370; x_wconf 88' lang='lat' dir='ltr'><strong>Virg.</strong></span> <span class='ocrx_word' id='word_1_252' title='bbox 436 3297 499 3352; x_wconf 84' lang='lat' dir='ltr'><strong>AEn.</strong></span> <span class='ocrx_word' id='word_1_253' title='bbox 510 3315 558 3366; x_wconf 82' lang='lat' dir='ltr'><strong>xt,</strong></span> <span class='ocrx_word' id='word_1_254' title='bbox 578 3295 643 3370; x_wconf 74' lang='lat'><strong>859:</strong></span> 
     </span>
    </p>
   </div>
   <div class='ocr_carea' id='block_1_11' title="bbox 139 3387 567 3517">
    <p class='ocr_par' dir='ltr' id='par_1_18' title="bbox 139 3387 567 3517">
     <span class='ocr_line' id='line_1_43' title="bbox 238 3387 567 3444; baseline -0.012 -14"><span class='ocrx_word' id='word_1_255' title='bbox 238 3418 262 3431; x_wconf 91' lang='lat'><strong>...</strong></span> <span class='ocrx_word' id='word_1_256' title='bbox 274 3393 381 3444; x_wconf 64' lang='lat' dir='ltr'><strong>&amp;mirque</strong></span> <span class='ocrx_word' id='word_1_257' title='bbox 387 3388 463 3430; x_wconf 79' lang='lat' dir='ltr'><strong>insensa</strong></span> <span class='ocrx_word' id='word_1_258' title='bbox 471 3387 567 3438; x_wconf 76' lang='lat' dir='ltr'><strong>utendis,</strong></span> 
     </span>
     <span class='ocr_line' id='line_1_44' title="bbox 139 3463 545 3517; baseline 0.005 -15"><span class='ocrx_word' id='word_1_259' title='bbox 139 3463 162 3503; x_wconf 76' lang='lat' dir='ltr'><strong>Et</strong></span> <span class='ocrx_word' id='word_1_260' title='bbox 171 3465 226 3506; x_wconf 73' lang='lat' dir='ltr'><strong>eluxit</strong></span> <span class='ocrx_word' id='word_1_261' title='bbox 232 3467 301 3517; x_wconf 70' lang='lat' dir='ltr'><strong>longe,</strong></span> <span class='ocrx_word' id='word_1_262' title='bbox 311 3466 373 3506; x_wconf 78' lang='lat' dir='ltr'><strong>dones</strong></span> <span class='ocrx_word' id='word_1_263' title='bbox 381 3473 462 3506; x_wconf 74' lang='lat' dir='ltr'><strong>curvata</strong></span> <span class='ocrx_word' id='word_1_264' title='bbox 470 3467 545 3504; x_wconf 69' lang='lat' dir='ltr'><strong>count</strong></span> 
     </span>
    </p>
   </div>
   <div class='ocr_carea' id='block_1_12' title="bbox 691 3219 1206 3531">
    <p class='ocr_par' dir='ltr' id='par_1_19' title="bbox 691 3219 1206 3531">
     <span class='ocr_line' id='line_1_45' title="bbox 692 3219 1205 3291; baseline -0.004 -17"><span class='ocrx_word' id='word_1_265' title='bbox 692 3225 805 3276; x_wconf 71' lang='lat' dir='ltr'><strong>litorea.</strong></span> <span class='ocrx_word' id='word_1_266' title='bbox 815 3219 897 3290; x_wconf 86' lang='lat' dir='ltr'><strong>Quia,</strong></span> <span class='ocrx_word' id='word_1_267' title='bbox 907 3230 937 3274; x_wconf 90' lang='lat' dir='ltr'><strong>ut</strong></span> <span class='ocrx_word' id='word_1_268' title='bbox 943 3221 978 3274; x_wconf 85' lang='lat' dir='ltr'><strong>ait</strong></span> <span class='ocrx_word' id='word_1_269' title='bbox 986 3219 1079 3291; x_wconf 84' lang='lat' dir='ltr'><strong>Virgil.</strong></span> <span class='ocrx_word' id='word_1_270' title='bbox 1088 3259 1096 3286; x_wconf 94' lang='lat'><strong>,</strong></span> <span class='ocrx_word' id='word_1_271' title='bbox 1108 3219 1205 3290; x_wconf 81' lang='lat' dir='ltr'><strong>Georg.</strong></span> 
     </span>
     <span class='ocr_line' id='line_1_46' title="bbox 691 3300 1205 3368; baseline -0.008 -13"><span class='ocrx_word' id='word_1_272' title='bbox 691 3300 735 3355; x_wconf 92' lang='lat' dir='ltr'><strong>lib.</strong></span> <span class='ocrx_word' id='word_1_273' title='bbox 748 3317 795 3368; x_wconf 82' lang='lat' dir='ltr'><strong>tv,</strong></span> <span class='ocrx_word' id='word_1_274' title='bbox 814 3319 838 3352; x_wconf 90' lang='lat' dir='ltr'><strong>v.</strong></span> <span class='ocrx_word' id='word_1_275' title='bbox 858 3302 921 3368; x_wconf 70' lang='lat'><strong>¹²43</strong></span> <span class='ocrx_word' id='word_1_276' title='bbox 946 3310 973 3353; x_wconf 87' lang='lat' dir='ltr'><strong>et</strong></span> <span class='ocrx_word' id='word_1_277' title='bbox 991 3309 1049 3368; x_wconf 87' lang='lat' dir='ltr'><strong>post</strong></span> <span class='ocrx_word' id='word_1_278' title='bbox 1061 3301 1205 3353; x_wconf 84' lang='lat' dir='ltr'><strong>Maronem</strong></span> 
     </span>
     <span class='ocr_line' id='line_1_47' title="bbox 692 3377 1206 3449; baseline -0.012 -16"><span class='ocrx_word' id='word_1_279' title='bbox 692 3379 835 3446; x_wconf 85' lang='lat' dir='ltr'><strong>Martialis,</strong></span> <span class='ocrx_word' id='word_1_280' title='bbox 847 3377 890 3432; x_wconf 88' lang='lat' dir='ltr'><strong>lib.</strong></span> <span class='ocrx_word' id='word_1_281' title='bbox 902 3394 933 3436; x_wconf 78' lang='lat' dir='ltr'><strong>tv</strong></span> <span class='ocrx_word' id='word_1_282' title='bbox 941 3417 948 3446; x_wconf 88' lang='lat'><strong>,</strong></span> <span class='ocrx_word' id='word_1_283' title='bbox 965 3377 1040 3449; x_wconf 86' lang='lat' dir='ltr'><strong>Epig.</strong></span> <span class='ocrx_word' id='word_1_284' title='bbox 1057 3378 1101 3431; x_wconf 80' lang='lat'><strong>13:</strong></span> <span class='ocrx_word' id='word_1_285' title='bbox 1115 3379 1206 3431; x_wconf 68' lang='lat' dir='ltr'><strong>Mora</strong></span> 
     </span>
     <span class='ocr_line' id='line_1_48' title="bbox 692 3462 887 3531; baseline 0.005 -21"><span class='ocrx_word' id='word_1_286' title='bbox 692 3469 795 3531; x_wconf 78' lang='lat' dir='ltr'><strong>myrtus</strong></span> <span class='ocrx_word' id='word_1_287' title='bbox 808 3462 887 3531; x_wconf 61' lang='lat' dir='ltr'><strong>ampl.</strong></span> 
     </span>
    </p>
   </div>
   <div class='ocr_carea' id='block_1_13' title="bbox 0 0 1438 4982">
    <p class='ocr_par' dir='ltr' id='par_1_20' title="bbox 0 0 1438 4982">
     <span class='ocr_line' id='line_1_49' title="bbox 0 0 1438 4982; baseline 0 0"><span class='ocrx_word' id='word_1_288' title='bbox 0 0 1438 4982; x_wconf 95' lang='lat' dir='ltr'><strong> </strong></span> 
     </span>
    </p>
   </div>
  </div>
 </body>
</html>
