2852 4982
222 511 259 558 tn
504 489 543 555 Ρ.
573 487 751 558 OVIDII
780 487 1008 560 NASONIS

214 631 294 702 Non
310 626 394 700 mihi
411 625 501 700 mille
517 625 650 728 placent
665 656 673 701 ε
687 654 759 700 non
777 657 852 705 sum
869 629 1021 705 desultor
1037 631 1181 706 Amoris.
1262 658 1294 710 15

265 744 320 816 Tu
337 741 436 829 milri,
455 741 484 814 si
503 769 569 842 qua
584 740 685 830 fides,
705 772 783 818 cura
796 747 953 846 perennis
967 729 1042 820 crisi

216 861 358 946 Tecum,
379 887 465 959 quos
484 857 635 933 dederint
652 889 757 936 annos
775 863 859 936 mihi
874 863 930 938 fila
946 865 1128 953 Sororum,

264 974 384 1047 Vivere
400 974 596 1070 contingat3
620 993 718 1076 teque
737 977 888 1066 dolente,
904 981 1009 1053 mori!

216 1093 265 1165 Te
276 1090 365 1180 ,milri
383 1091 554 1166 materiem
570 1091 700 1167 felicem
718 1093 754 1165 in
771 1095 916 1170 camnina
932 1095 1061 1196 praebe3

267 1209 471 1284 Provenient
487 1237 585 1284 causa
600 1211 746 1286 carmina
761 1211 863 1306 digua
878 1238 948 1286 sua.
1000 1247 1006 1255 ·

219 1326 373 1401 Carmine
389 1355 513 1400 nomen
530 1327 672 1416 habent,
693 1328 849 1402 exterrita
866 1329 1028 1403 cornibus
1046 1331 1105 1417 lo,

267 1446 313 1516 Et
331 1473 430 1545 quam
446 1443 602 1518 fluminea
618 1443 700 1518 lusit
716 1444 846 1520 adulter
864 1476 921 1521 ave
935 1477 943 1536 3

219 1558 386 1659 Quaeque,
406 1587 508 1659 snper
522 1577 667 1660 pontum
685 1559 842 1634 simulato
859 1580 953 1636 recta
967 1563 1131 1662 juvenco,

268 1674 428 1768 Virginea
446 1675 555 1746 tenuit
573 1703 699 1746 cornua
715 1705 792 1748 vara
809 1705 932 1749 manu.-

218 1790 293 1863 Nos
312 1816 446 1888 quoque
463 1815 525 1887 per
540 1805 649 1861 totum
665 1790 791 1889 pariter
809 1791 1019 1868 cantabimur
1036 1791 1172 1866 orbem:
1263 1815 1297 1868 25

255 2001 293 2052 15.
306 2000 366 2053 Non
374 2017 430 2051 sum
440 2001 555 2052 desultor
560 2005 660 2054 amant.
674 2001 735 2072 Op·
783 2023 849 2058 neus
860 2004 1005 2073 mendose,
1020 2009 1140 2059 Canm'na
1148 2025 1239 2058 numen
1247 2001 1298 2058 hn-

220 2079 285 2132 time
306 2078 457 2131 Puteaueus
477 2087 504 2131 et
519 2078 732 2147 Arondelianus,
780 2087 860 2136 tent:
871 2085 944 2155 quod
956 2095 984 2138 et
995 2085 1057 2138 alios
1069 2084 1170 2138 codices
1183 2103 1298 2154 occupa-

218 2175 282 2208 cum
301 2155 421 2224 ejusdem
439 2157 569 2224 Puteaui,
591 2157 679 2211 Jureti
704 2179 733 2212 ac
781 2162 826 2215 vit,
840 2164 1297 2232 Hnrtts.-Extem¹tacomtbnslo.

218 2232 345 2303 Scaligeri
357 2234 490 2304 excerptis.
504 2234 592 2304 Atque
607 2235 643 2288 ita
661 2234 735 2288 Car-
783 2241 963 2310 Metamorph.
971 2243 1037 2294 libro
1049 2242 1145 2311 primo,
1157 2262 1224 2295 vers.
1232 2243 1298 2317 639:

224 2313 265 2368 rio
283 2313 312 2365 in
331 2313 582 2382 emendationibus,
604 2314 671 2367 libro
688 2331 733 2380 11,
782 2331 842 2369 venit
855 2331 981 2382 etnefipns,
993 2332 1027 2370 ubi
1040 2333 1166 2384 tuaeoesupe
1175 2333 1264 2381 utebar,
1286 2329 1289 2336 ⁴

218 2411 273 2461 cap.
289 2411 337 2458 ro,
350 2393 546 2446 restituendum
555 2394 670 2446 monuit.
683 2394 735 2447 Sex
783 2403 886 2442 Inachidas
896 2405 948 2455 ripas
958 2418 1063 2456 ,novaque
1073 2413 1095 2444 nt
1103 2406 1204 2456 conspexit
1213 2407 1234 2444 in
1245 2407 1299 2445 unda

220 2469 280 2536 alii,
293 2473 401 2538 delusor·
410 2471 613 2540 Neapolitanus,
627 2475 736 2524 simula·
783 2479 872 2526 cornua,
882 2479 1000 2531 parumn,
1012 2490 1072 2528 teque
1081 2486 1191 2521 ‘aarum
1201 2480 1285 2534 '‘fieti‘-

221 2556 280 2603 tor:
298 2553 736 2604 frustraDesertorautemamon's
815 2572 856 2604 22.
873 2555 912 2604 Et
920 2571 994 2620 qnam
998 2555 1125 2620 fluminea
1133 2562 1181 2606 ete.
1195 2551 1299 2606 Ledam

223 2640 281 2696 est,
303 2630 348 2700 qui
366 2649 422 2682 non
436 2639 523 2693 amat;
541 2633 669 2693 desultor,
690 2629 736 2698 qui
783 2627 919 2698 designat,
934 2629 1016 2698 Epist.
1029 2646 1104 2695 xvn,
1120 2629 1166 2683 55:
1240 2689 1242 2694 ,

223 2708 735 2776 amatinconstauter,nunchanc,nunc
808 2713 857 2761 Qua
866 2711 1240 2762 ulumgremtouedtmfovttavem.

221 2788 293 2842 illam
306 2799 416 2842 secutus,
430 2790 531 2844 Herus.
653 2792 656 2800 ’
723 2815 728 2824 ‚
784 2784 839 2844 Ubi
847 2784 968 2838 miranda
981 2803 1086 2854 semper
1098 2797 1183 2854 poetae
1193 2789 1301 2840 versati-

257 2868 294 2919 18.
320 2869 403 2934 Teque
418 2869 538 2930 dolente,
554 2872 623 2920 mori.
644 2865 736 2920 Codex
783 2862 852 2927 litas,
866 2863 1087 2932 quaereseasdem
1097 2865 1199 2932 quoties
1209 2885 1300 2918 renar-

125 3003 126 3010 χ
221 2945 336 3014 Regius,
357 2950 383 2997 te
394 2950 530 3009 monrnte,
543 2951 621 3008 mori,
636 2956 736 3016 argute.
783 2953 840 3008 rat,
862 2943 939 2996 toties
956 2945 1031 2994 novis
1047 2941 1187 2995 adumbrat
1203 2943 1300 2996 eolori-

221 3025 381 3094 Scripserat,
395 3035 517 3096 utputo,
530 3027 645 3092 Noster,
665 3032 735 3094 teque
785 3022 841 3076 bus.
860 3022 1017 3091 Quidquam
1030 3022 1072 3074 vix
1083 3022 1128 3075 illo
1140 3041 1217 3075 versu
1227 3022 1300 3092 lepi—

219 3109 339 3169 0tennte,
354 3110 424 3159 mort.
438 3106 474 3159 H.
485 3106 558 3159 Nihil
571 3116 693 3168 mutem,
710 3111 736 3158 te
785 3099 844 3157 dius
854 3101 999 3171 excogites,

219 3187 337 3252 dolente,
347 3184 444 3238 scilicet
454 3223 461 3250 ,
472 3185 492 3237 si
499 3187 615 3236 desultor
620 3184 697 3250 fiam,
710 3193 736 3236 et
833 3187 859 3225 m
867 3184 1026 3237 tmssffl'fflss
1034 3185 1081 3223 ¹¹¹5*
1090 3185 1218 3225 stulterum.

223 3263 302 3319 aliam
315 3281 403 3318 amem
416 3284 422 3317 :
435 3265 537 3318 nullam
550 3282 613 3333 ergo
628 3263 736 3317 dolendi
815 3257 857 3313 23.
865 3263 980 3328 Quaque,
989 3261 1301 3326 superpontumstmutato

220 3343 736 3413 materiemeeleritatesuapraebiturum
783 3343 982 3409 vectajnrenco.
998 3339 1300 3410 Europa,exadjunctis.

221 3421 311 3474 amicae
323 3420 467 3490 pollicetur.
479 3420 605 3474 Solemne
615 3441 647 3474 eo
656 3441 735 3476 sensu
818 3423 857 3488 ot.
880 3425 1000 3488 Virginea
1017 3424 1100 3471 tenuit
1114 3439 1209 3494 cornua
1221 3419 1302 3486 salsa

223 3503 314 3554 dolere.
327 3499 426 3554 Buttm.
783 3519 867 3552 manu.
876 3501 1053 3559 Comnnonra,
1067 3496 1161 3550 Carrio
1170 3497 1197 3548 in
1209 3513 1301 3548 emen·

256 3599 296 3634 no.
313 3572 468 3634 Prorenrknt
476 3599 558 3632 cansa
566 3583 680 3632 carmina
690 3582 737 3630 dt-
785 3578 952 3630 dationibus:
966 3575 1102 3646 quomodo
1112 3576 1265 3628 Puteaneus
1274 3585 1301 3626 et

219 3679 272 3727 gna
286 3678 341 3711 sua.
360 3660 532 3712 Provenient:
547 3656 736 3727 producentur.
784 3658 974 3727 Neapolitanus
987 3677 1018 3710 ex
1029 3656 1133 3709 nostris.
1145 3654 1301 3707 Arondelia-

222 3737 372 3790 Translatio
381 3749 420 3792 est
428 3747 533 3808 smupta
541 3737 573 3790 ab
586 3736 735 3804 arboribus,
783 3757 848 3804 nus,
857 3757 918 3790 vera
928 3753 935 3786 .·
945 3737 998 3789 dno
1007 3735 1049 3788 alii
1058 3774 1065 3802 ,
1075 3753 1157 3787 curta.
1168 3733 1300 3802 Excerpta

223 3815 345 3882 aquibus
356 3815 419 3868 boui
432 3827 477 3870 aut
487 3815 661 3869 malisructus
674 3835 737 3883 pro-
784 3815 905 3882 Douzae,
922 3835 1013 3883 pressa
1029 3829 1038 3878 ,ι
1058 3831 1206 3882 perperam.
1231 3815 1303 3865 Vara

222 3899 305 3948 venire
312 3894 479 3949 dicuntur.-
490 3900 576 3951 Causa
583 3903 628 3949 tua
634 3895 737 3950 Bersm.
785 3915 884 3948 cornua
894 3905 921 3946 et
926 3897 1027 3961 patula,
1038 3892 1141 3946 eadem.
1150 3891 1250 3944 Patulis
1259 3911 1302 3944 ca·

223 3971 301 4027 etalii
311 3994 318 4037 3
331 3993 415 4038 causa
427 3981 477 4028 tuoe
487 3975 588 4048 Gryph.
598 3975 660 4028 etin
669 3995 737 4028 mar·
784 3993 855 4028 mura
866 3972 1077 4043 opponebantur.
1091 3973 1193 4024 Hlarus·

224 4053 284 4123 gine
298 4041 456 4106 Beismann.
467 4058 623 4108 Proveniant
632 4073 736 4123 quoque
818 4055 858 4104 25.
867 4053 921 4104 Nos
929 4070 1030 4119 qnoque.
1037 4049 1164 4102 Francius
1171 4048 1301 4112 malebat,
1355 4081 1360 4089 -

223 4134 242 4185 J
245 4133 299 4185 unii
307 4143 333 4186 et
339 4131 393 4184 duo
401 4133 442 4184 alii
449 4172 457 4199 ,
465 4153 525 4186 cum
532 4133 736 4200 Douzaecodice,
789 4133 829 4183 Tu
840 4149 935 4198 quoqne
948 4147 999 4196 per
1008 4122 1087 4181 tutun‘r
1095 4132 1197 4196 panter
1207 4134 1302 4180 canta-

225 4222 251 4267 εἰ
263 4213 299 4265 ita
311 4210 393 4264 edidit
405 4210 547 4282 Gryphius.
785 4215 852 4264 bertr
864 4214 955 4272 orbem.
967 4237 999 4248 -
1013 4208 1066 4262 Sed
1075 4209 1118 4261 hie
1129 4227 1238 4278 quoque,
1252 4225 1304 4277 pro

257 4311 296 4342 nr.
311 4293 427 4345 Carmine
434 4309 523 4343 nomen
531 4293 632 4342 habent.
644 4290 738 4341 Putea·
786 4309 853 4353 una,
874 4292 953 4342 semul
960 4289 1135 4343 cantabimur.
