2852 4982
318 490 555 560 AMORUM
582 493 612 556 1.
642 491 791 558 ELEG.
823 492 918 560 VII.
1115 523 1160 592 ²9

95 637 148 723 Et,
165 629 284 706 vindex
301 631 338 704 in
350 647 457 706 matre
475 628 596 732 patris,
615 626 722 702 malus
738 625 832 704 ultor
848 631 1003 724 Orestes,

134 751 243 825 Ausus
260 748 298 820 in
315 775 450 822 arcanas
469 775 608 848 poscere
625 743 691 820 tela
707 746 819 822 Deae?
1130 795 1160 828 ,ο

94 868 174 962 Ergo
191 895 255 962 ego
275 864 423 960 digestos
438 863 538 964 potui
554 862 679 938 violare
697 863 862 964 capillos!

135 986 201 1057 Nec
219 982 389 1056 dominam
406 997 505 1056 motae
522 980 703 1057 dedecuere
719 985 851 1056 comae?

96 1099 143 1174 Sic
156 1101 305 1172 formosa
320 1097 405 1186 suin
424 1095 524 1172 talem
541 1097 742 1172 Schoeneida
758 1099 876 1174 dicunt

136 1215 304 1290 Menalias
323 1243 401 1288 arcu
419 1209 617 1290 sollicitasse
636 1213 732 1288 seras.

95 1331 174 1406 Talis
187 1321 316 1433 perjuri
333 1329 566 1433 promissaque
583 1329 721 1432 velaque
738 1330 862 1406 Thesei

136 1449 243 1524 Flevit
260 1446 448 1549 praecipites
466 1447 587 1521 Cressa
604 1445 721 1522 tulisse
732 1449 858 1522 Notos.

96 1573 156 1662 Sic,
173 1573 240 1647 nisi
255 1570 383 1644 vittatis
403 1569 495 1671 quod
508 1587 579 1644 erut
597 1568 785 1646 Cassandra
802 1567 949 1671 capillis,

137 1693 323 1771 Procubuit
339 1691 488 1794 templo,
508 1711 597 1768 casta
614 1693 789 1785 Minerva,
809 1709 880 1770 tuo.

122 1931 144 1983 p.
153 1912 242 1964 Malus
252 1913 323 1962 ultor
334 1910 445 1961 Orestes.
456 1909 538 1962 Recte
548 1929 600 1962 mu·
649 1911 825 1981 Neapolitano
834 1921 861 1965 et
870 1909 952 1966 tribus
960 1911 1015 1964 aliis
1023 1911 1111 1979 malis,
1120 1916 1163 1966 dt'-

96 1989 129 2040 lus
139 1993 223 2052 ultor,
245 1987 307 2056 qui,
328 1997 360 2038 ut
370 1997 475 2055 patrem
487 2007 503 2040 a
514 1998 600 2042 matre
649 1997 731 2046 cunt:
750 1989 804 2044 duo
817 1990 956 2056 Vaticani,
970 1991 1050 2058 sam
1064 1998 1112 2044 est.
1125 1993 1163 2046 H.

96 2085 134 2118 sua
148 2075 292 2120 mactatum
311 2063 498 2132 ulcisceretur,
517 2066 602 2135 ipsam
650 2069 680 2124 si
691 2069 734 2124 vel
744 2087 815 2122 unus
824 2067 906 2124 codex
917 2067 1064 2135 addiceret,
1079 2071 1163 2124 Hein-

96 2142 489 2210 interfecitVid.Juv.Sat.v111,
499 2163 534 2196 vs·
543 2145 600 2210 ull-
649 2148 680 2201 sii
690 2147 872 2215 conjecturam
882 2147 1028 2216 reciperem
1039 2167 1046 2202 ε
1057 2147 1163 2218 elegans

126 2243 160 2276 ιο.
170 2224 260 2278 Ausus
271 2227 299 2274 in
311 2240 423 2274 arcanas
430 2240 536 2288 poscere
548 2225 602 2274 tela
649 2226 723 2278 enim
734 2236 790 2291 est,
808 2235 834 2278 et
845 2224 897 2278 boc
908 2223 1002 2290 vellet;
1015 2225 1076 2280 licet
1086 2245 1164 2282 coma

97 2302 167 2354 Deus.
178 2302 212 2356 In
221 2300 315 2354 Furias
324 2339 331 2367 ,
341 2319 405 2368 quas
411 2299 509 2354 lacibus
518 2310 545 2353 et
556 2319 602 2369 pu·
649 2314 737 2360 essent
748 2309 822 2356 mota
833 2323 864 2356 ex
876 2302 988 2358 statione
999 2342 1006 2370 ,
1023 2314 1050 2358 et
1061 2304 1097 2358 ita
1116 2305 1165 2359 de-

97 2376 165 2445 gione
172 2389 287 2432 armatas
294 2377 422 2432 instantes
432 2377 529 2446 ubique
537 2377 600 2443 sibi,
650 2381 725 2436 beret
737 2379 883 2434 desomior
899 2379 1000 2448 videri,
1023 2392 1113 2436 tamen
1124 2389 1165 2438 sic

96 2454 382 2526 iuparricidiipoenam,
391 2453 481 2510 videre
492 2454 603 2510 Orestes
650 2479 744 2529 quoque
756 2463 864 2528 pulchra
875 2459 949 2527 ficit,
967 2469 1041 2512 taum
1056 2472 1113 2514 erat
1126 2463 1164 2514 vis

97 2535 268 2590 arbitrabatur.
291 2535 379 2590 Furiae
397 2534 494 2604 quippe
512 2533 603 2588 «Dent
650 2538 760 2605 formae,
782 2537 863 2590 uthis
881 2555 937 2590 uon
950 2537 1165 2606 extingueretur!

96 2615 268 2681 speculatrices
281 2624 309 2668 et
320 2612 437 2669 vindices
454 2611 603 2666 facinorum
652 2615 746 2668 Franc.
758 2615 877 2685 legebat,
891 2618 929 2668 Et
929 2615 1049 2682 formosa
1050 2615 1116 2683 suit.
1131 2617 1165 2670 Β.

96 2699 119 2740 et
126 2689 356 2744 reclamacio.
365 2689 398 2743 de
405 2690 439 2744 N.
452 2688 487 2740 Ι).
495 2703 542 2754 111,
557 2688 603 2740 18:
651 2719 685 2736 ·-·
705 2696 793 2748 Talcm
805 2696 1167 2754 Schoener'dadicuntMaena-

96 2766 532 2826 ErantauteminterrisFuriaerin
540 2765 604 2820 caelo
652 2773 1166 2844 lr'asarcusollicr'tussesems.Duaeapud

95 2847 172 2910 Bitae,
186 2847 258 2918 apud
269 2847 374 2900 Inseros
385 2847 541 2898 Eumenides
551 2860 561 2908 ‚¹
576 2853 606 2896 et
653 2861 742 2920 poetas
747 2861 933 2904 memorantur
938 2850 1167 2904 Asatantaezattera

97 2932 140 2978 tres
157 2926 267 2994 quidem
279 2941 414 2991 numero,
436 2922 603 2992 Tisiphone,
653 2929 773 2984 venatrix
781 2927 924 2996 Arcadica,
937 2928 1001 2981 Jasii
1010 2929 1075 2982 filia:
1085 2929 1167 2982 altera

98 3000 195 3070 becco,
209 3005 342 3072 Megaera.
653 3007 770 3061 Boeotica
778 3045 786 3073 ,
795 3025 873 3060 cursu
882 3007 1005 3072 celebris,
1018 3006 1071 3059 filia
1079 3006 1167 3060 schoe·

126 3101 160 3134 11.
169 3087 299 3152 Dr'pestos
304 3084 482 3149 potuiua'olare
490 3083 606 3148 capulos.
654 3085 706 3138 nei.
724 3084 776 3138 Sed
791 3083 903 3137 Ovidius
914 3083 1035 3137 hocloco
1047 3082 1167 3136 confudit

98 3160 198 3214 hurum
207 3160 316 3230 scripti,
330 3170 419 3222 recte;
432 3178 496 3212 nam
509 3161 606 3212 nutare
655 3161 780 3228 nomina,
791 3159 817 3212 id
828 3159 899 3229 quod
909 3171 937 3214 et
944 3160 1004 3214 alibi
1013 3160 1074 3214 lacit
1082 3173 1089 3208 ε
1097 3179 1168 3212 eam·

98 3237 144 3303 iam
157 3249 328 3310 praecesserat
343 3238 421 3308 paulo
439 3247 508 3292 ante.
526 3238 567 3290 lta
579 3245 607 3290 et
656 3241 1120 3312 que,quaeJasii,Schoenetiluvoeat
1127 3239 1167 3292 M.

99 3315 122 3368 in
132 3318 171 3372 illa
183 3320 269 3390 Epist.
283 3316 408 3382 Medeae,
425 3336 492 3370 vers.
508 3319 552 3387 157
566 3335 574 3370 t
655 3347 689 3364 ι·-
700 3323 858 3374 Setaneida.
866 3320 1034 3386 Atalantam,
1045 3318 1170 3372 Scboenei

99 3408 265 3450 Vnneeoutinui
275 3408 377 3460 ,quinrio
384 3406 545 3457 laniataoapitlos
657 3398 752 3464 filiam,
765 3397 797 3450 de
811 3417 863 3466 qua
873 3415 930 3450 uon
938 3397 972 3450 ad
983 3395 1095 3452 Heroid.
1105 3412 1168 3464 XVI,

118 3482 228 3522 ctamm.
657 3474 1170 3544 abinedadblet.x,560,sqq.dicemus.

99 3554 609 3626 Ersepeatibi.H.-1)1·5es10scaprllos.
694 3576 730 3623 ¹7·
740 3556 859 3616 Sic,n1'sr'
863 3555 1100 3621 vittatisquodcmt
1108 3555 1171 3606 Cus-

100 3632 239 3702 0ruate,et
244 3634 277 3688 ad
286 3643 373 3686 artem
379 3633 544 3702 compositos.
550 3633 608 3686 Me·
657 3636 754 3686 sundra
764 3635 866 3700 capillis
875 3642 924 3686 etc.
937 3628 1093 3684 Mirandum
1099 3629 1172 3684 bunc

99 3711 140 3766 liin
151 3719 262 3777 molare,
279 3731 362 3782 quam
379 3715 494 3764 lanr'arer
506 3711 609 3765 crimen
659 3715 753 3784 virgil.
763 3715 853 3766 locum
865 3713 894 3764 in
911 3710 1070 3764 memoriam
1086 3729 1170 3764 revo-

100 3793 165 3846 enim
176 3795 294 3847 amicam
305 3791 482 3856 verberantis,
499 3789 610 3844 sacrile-
659 3804 701 3848 cat
713 3812 745 3858 ex
756 3790 862 3846 AEneid.
875 3790 942 3842 libro
955 3807 992 3856 11,
1006 3809 1073 3842 vere.
1086 3790 1154 3856 403:

101 3870 214 3940 giummt
222 3869 477 3938 ,vid-,nominat3et
485 3872 611 3921 violamus
660 3878 1068 3930 unorautnrnpnmnumnvugo

102 3949 220 4019 quidquid
230 3969 335 4002 sacrum
346 3947 422 4000 nobis'
441 3967 496 4000 esse
512 3945 611 4000 debuit.
660 3957 753 4000 crnibus
769 3969 782 3994 ι
796 3955 869 4006 nupto
878 3953 1000 4003 munuc,
1014 3954 1118 4006 adytisque
1127 3953 1175 3992 Mi-

131 4027 165 4080 13.
176 4031 219 4082 Sic
223 4029 347 4097 [camora
352 4026 416 4094 suit.
427 4027 471 4080 Sic
482 4027 548 4078 nihi
550 4027 613 4092 pul-
672 4075 675 4082 ,
722 4042 802 4078 neue.

103 4109 154 4158 clra
164 4109 238 4176 sur't,
253 4107 437 4160 Sarravianus.
451 4106 547 4168 Forte,
572 4110 612 4158 sic
660 4107 695 4148 Ad
704 4101 1138 4150 satumtendensueenmumtnusrusm;

102 4185 368 4254 quoquefflchmsm
377 4185 432 4238 pro
438 4186 531 4246 dicam,
540 4194 612 4236 recte
639 4186 641 4194 ’
661 4181 760 4222 nomint
775 4173 1173 4226 namtenerasareebnutvinculupalmas.

103 4259 167 4316 idem
177 4265 375 4328 Sarravianus,
388 4265 479 4316 dicas:
488 4261 539 4316 nisi
550 4277 612 4314 cum
669 4259 741 4310 Vitta
757 4264 847 4308 autem
865 4263 922 4308 erat
938 4251 1016 4304 fascia
1034 4246 1171 4318 quaedam,
