2852 4982
248 487 291 554 30
524 485 562 550 Ρ.
596 485 783 555 OVIDII
814 488 1045 562 NASONIS

243 623 331 722 Quis
347 621 430 696 mihi
446 649 537 711 non,
554 624 716 716 Demens,
733 629 808 729 quis
820 659 892 704 non
909 631 1009 722 mihi,
1029 634 1193 727 Barbare,
1214 637 1321 716 dixit?

290 741 368 840 Ipsa
380 737 466 812 nihil
483 769 491 812 :
508 739 630 840 pavido
648 741 764 839 lingua
779 761 909 819 retenta
925 763 1028 822 metu.
1289 793 1321 828 πο

241 853 309 929 Sed
326 853 417 926 taciti
434 853 539 930 fecere
558 874 667 932 tamen
685 859 835 934 convicia
851 858 985 948 vultus;

289 972 372 1067 Egit
386 998 439 1044 me
457 969 617 1062 lacrimis,
638 1003 694 1048 ore
713 973 852 1062 silente,
869 1003 973 1048 reum.

242 1088 331 1161 Ante
347 1113 440 1160 meos
458 1085 607 1160 humeris
622 1086 741 1162 vellem
758 1088 916 1164 cecidisse
932 1089 1074 1166 lacertos
1088 1120 1096 1183 ;

291 1200 417 1275 Utilius
434 1201 532 1302 potui
549 1221 643 1304 parte
663 1231 772 1278 carere
792 1205 867 1279 mei.

241 1322 283 1392 In
299 1346 372 1392 mea
388 1345 525 1392 vesanas
541 1318 647 1393 habui
666 1319 841 1422 dispendia
857 1321 966 1409 vires,

292 1435 338 1505 Et
355 1430 444 1506 valui
461 1461 596 1534 poenam
612 1433 709 1508 fortis
725 1435 761 1508 in
779 1435 851 1536 ipse
869 1462 984 1509 meam.

244 1547 337 1645 Quid
354 1547 437 1622 mibi
454 1548 643 1639 vobiscum,
661 1549 759 1624 caedis
775 1550 1004 1653 scelerumque
1021 1553 1206 1630 ministre?

291 1665 416 1740 Debita
434 1663 600 1760 sacrilegae
617 1664 726 1740 vincla
740 1666 851 1742 subite
870 1695 998 1742 manus.

242 1783 315 1873 An,
334 1782 364 1856 si
380 1779 565 1883 pulsassem
580 1779 756 1854 minimum
772 1780 812 1856 de
830 1781 930 1883 plebe
948 1784 1138 1881 Quiritem,

243 2007 295 2059 qua
306 1988 407 2041 circum
418 1995 496 2055 caput
507 1985 593 2040 crines
609 1985 756 2056 religabant
804 1984 849 2055 qui
869 1987 985 2042 Romam.
1006 1989 1118 2054 Quin'ies
1129 1989 1210 2042 etiam
1223 1990 1320 2062 appel-

242 2078 362 2132 veteres,
385 2074 488 2133 atquae
509 2074 642 2118 matronas
661 2066 755 2134 praeci-
803 2064 926 2120 labantur
934 2067 1002 2120 cives
1012 2067 1249 2138 urbani,pagani,
1262 2089 1319 2123 non

242 2166 295 2219 pue
312 2165 327 2198 a
345 2143 488 2214 virginibus
507 2142 678 2196 discernebat.
698 2145 755 2198 Nec
803 2143 906 2196 milites.
921 2144 1040 2197 lllilitum
1052 2165 1153 2199 nornen
1166 2157 1223 2200 erat
1235 2147 1320 2202 hono·

243 2235 372 2279 matronas
383 2221 469 2276 solum
480 2226 583 2274 vittata·
591 2237 601 2286 ,·
615 2219 662 2274 sed
674 2231 701 2274 et
712 2239 755 2275 sa-
803 2219 961 2290 rificentius,
975 2241 1055 2292 quam
1070 2225 1212 2290 Quintum
1233 2246 1320 2295 quum

242 2303 380 2369 cerdotes,
393 2310 484 2366 rates,
503 2299 625 2352 Deorum
643 2309 753 2367 statuae,
803 2297 896 2367 plebeii
909 2300 989 2356 etiam
1002 2301 1143 2370 ignobiles,
1159 2304 1203 2372 qui
1216 2304 1319 2358 nullam

243 2377 754 2450 are,supplicesetvictimae.AEn.u,1552
802 2375 951 2445 reipublicae
960 2395 1070 2448 operam
1079 2391 1248 2447 navaverant,
1256 2399 1320 2451 pos-

340 2461 715 2518 VinoequeDedru,qusshoetiagessl.
802 2463 861 2506 seul
882 2456 995 2520 Quila'set
1013 2475 1075 2510 esse.
1091 2483 1125 2499 ¹·-
1136 2458 1269 2510 Mt'ttt'mam
1286 2463 1320 2513 de
1421 2495 1422 2498 =

279 2563 316 2616 ¹9·
337 2543 465 2602 Barbare,
487 2540 561 2591 dizit.
581 2539 664 2591 Dicat
688 2538 756 2590 alter
798 2533 874 2600 plebe
889 2534 1018 2598 Quiritem.
1037 2535 1136 2604 Regius
1146 2545 1175 2589 et
1192 2537 1320 2608 Neapoli-

244 2621 385 2685 Mentelii,
403 2617 455 2672 nisi
465 2619 540 2670 died
556 2618 680 2688 antique,
704 2635 753 2686 pro
802 2620 896 2677 lanus,
913 2616 1018 2665 minima
1029 2615 1061 2665 de
1068 2614 1249 2683 plebesquod
1260 2633 1319 2669 non

243 2706 359 2754 dixisset.
373 2699 474 2752 Herus.
801 2689 996 2758 spernendum,
1011 2691 1060 2744 nisi
1068 2691 1126 2760 quis
1134 2693 1223 2759 malit,
1233 2697 1321 2747 meaa

275 2801 316 2832 22.
332 2779 397 2844 Egit
405 2793 445 2829 me
456 2779 569 2832 lammis
583 2785 632 2829 etc.
655 2775 754 2829 Peioris
802 2771 920 2834 deplebe.
929 2768 1031 2824 Hesus.
1045 2771 1200 2823 verisimilis
1213 2772 1321 2826 Heinsii

243 2875 333 2911 versus
348 2873 455 2908 sensum
472 2854 584 2907 evolvit:
599 2853 713 2906 lacrima}
726 2853 754 2906 il·
803 2846 972 2914 conjectura,
986 2857 1012 2900 et
1026 2848 1060 2900 ita
1073 2848 1161 2900 citavit
1169 2848 1240 2902 hunc
1251 2867 1319 2903 rer-

242 2937 308 3002 lius,
320 2935 412 2986 sitente
424 2930 504 2984 etiam
514 2951 570 2995 ore,
584 2950 651 2984 ream
659 2950 702 2984 me
716 2951 754 2984 ar·
802 2943 862 2978 aum
875 2923 939 2976 olim
952 2924 1102 2992 Salmasius,
1113 2927 1212 2980 observ.
1224 2926 1256 2979 ad
1267 2927 1287 2979 J
1289 2947 1319 2982 us

243 3020 366 3086 guerunt.
804 3001 923 3055 Atticum
935 3041 943 3070 ,
959 3022 1015 3074 pag.
1027 3003 1074 3074 257
1086 3025 1092 3067 ς
1106 3004 1151 3056 ubi
1163 3003 1197 3056 de
1208 3004 1256 3057 bac
1267 3005 1320 3057 in·-

275 3092 315 3146 25,
344 3091 384 3142 Et
398 3090 584 3154 valuipaenam
592 3085 673 3155 sortis
690 3091 755 3140 intre
802 3080 885 3148 juria,
899 3097 957 3148 quar
968 3099 1016 3149 per
1027 3081 1137 3133 verbera
1146 3082 1276 3149 insertur,
1290 3094 1319 3136 et

244 3187 333 3224 meam.
355 3166 399 3220 stc
416 3174 518 3234 septem
534 3164 624 3234 scripti
637 3184 644 3226 ς
676 3164 753 3216 male.
803 3156 901 3211 Grecis
912 3165 978 3214 αἰκία
990 3158 1101 3225 dicitur,
1120 3159 1235 3230 disputat
1248 3175 1319 3232 :ego

241 3247 369 3305 Francius
387 3243 506 3310 volebat,
524 3245 668 3310 lupariam
684 3245 758 3294 valui
803 3247 893 3290 tamen
911 3238 978 3291 nihil
994 3249 1096 3292 temere
1108 3250 1199 3292 contra
1213 3239 1319 3296 codices

235 3329 317 3398 sorti's
333 3330 362 3377 et
374 3327 429 3391 ipse
447 3339 550 3375 meam:
568 3320 672 3390 elegans
689 3339 754 3373 vero
803 3317 963 3370 mutandum
971 3335 1025 3370 esse
1034 3321 1234 3386 puto;deplete
1243 3319 1318 3373 enim

243 3426 304 3462 usus
314 3402 387 3457 verbi
399 3403 485 3453 valere
497 3420 505 3452 ,¹
518 3399 554 3453 ita
564 3402 648 3452 velere
658 3404 685 3451 ia
696 3416 755 3450 sce·-
802 3395 953 3464 simpliciter
960 3395 1040 3447 etiam
1048 3405 1123 3449 notat
1129 3397 1257 3464 abjectam
1263 3415 1318 3450 sor·

243 3485 466 3552 IusPropert.1v,
480 3475 671 3547 Eleg.v11,68.
684 3478 754 3529 Dim
803 3484 866 3528 tem.
884 3473 1039 3529 Notandum
1053 3493 1116 3527 vero
1133 3475 1233 3528 Marius
1250 3495 1318 3528 mo·-

241 3571 269 3617 ia
281 3567 390 3631 alr'quem
397 3560 493 3611 ualeat.
504 3555 597 3623 Vellej.
608 3555 710 3608 Patere.
720 3571 753 3623 11,
802 3552 871 3619 nuit,
885 3555 1007 3618 Quiritem
1020 3551 1061 3605 bic
1071 3553 1098 3604 in
1107 3551 1231 3622 singulari
1241 3555 1317 3623 poni,

243 3643 275 3708 46
288 3659 294 3693 :
307 3643 346 3694 Ne
358 3641 420 3708 quid
426 3641 495 3690 esset
504 3639 532 3687 in
543 3638 625 3686 titen's
635 3637 704 3702 quad
711 3653 755 3686 va·
803 3649 886 3701 quum
904 3630 1039 3700 pluraliter
1059 3641 1163 3684 tantum
1184 3633 1317 3686 veteribus

242 3723 294 3771 lere
304 3724 392 3770 cantra
407 3722 487 3783 caput
498 3721 574 3782 atque
584 3717 756 3765 existimatae-
802 3718 958 3778 usurpatum
980 3708 1058 3761 fuisse
1085 3712 1212 3774 Quirites,
1239 3717 1318 3762 notet

242 3813 300 3848 aem
307 3800 404 3862 posset.
418 3793 503 3846 Cicer.
515 3809 556 3860 11,
570 3793 650 3846 Vere.
664 3811 702 3862 71·
722 3791 754 3843 B.
803 3785 892 3840 Sebol.
905 3787 973 3838 Hor.
987 3785 1019 3838 ad
1032 3785 1075 3837 illa
1087 3785 1130 3836 lib.
1143 3801 1179 3852 11,
1194 3786 1248 3840 Od.
1260 3802 1318 3844 vu:

276 3895 316 3946 ²9·
334 3874 394 3934 Aa,
415 3879 443 3924 si
451 3877 596 3940 pulsassem
611 3882 660 3925 etc.
679 3869 754 3939 Quid
839 3874 1136 3927 qusurmomvisQuuuen
1179 3901 1193 3917 .

244 3952 318 4006 enim
330 3950 363 4002 de
376 3949 437 4014 illo,
450 3952 471 4002 si
485 3955 656 4012 verberasset,
672 3967 756 4018 quum
864 3949 901 3992 nis
911 3948 987 3999 smil*

242 4030 283 4083 vel
291 4032 452 4097 pulsantem,
471 4037 498 4078 et
509 4033 635 4080 mammam
646 4026 754 4094 quidem
803 4023 857 4078 Sed
869 4033 897 4076 et
909 4022 1007 4076 Noster
1019 4035 1069 4089 111,
1084 4021 1146 4075 Am.
1155 4021 1195 4075 El.
1207 4038 1270 4086 xiv,
1284 4043 1317 4096 9:

242 4113 275 4162 de
277 4109 366 4176 plebe,
374 4104 503 4173 plectilex
509 4105 640 4158 voluerit?
651 4131 684 4144 -
696 4107 755 4168 Qui·
802 4111 872 4159 leuato
881 4107 1051 4159 mretrixaorpru
1060 4111 1153 4160 jussum
1162 4109 1244 4158 Quieti.

242 4193 304 4240 riies
312 4183 431 4256 proprie,
443 4183 488 4251 qui
500 4185 579 4235 Cares
590 4183 753 4246 incolebant,
803 4183 839 4234 Et
853 4183 948 4251 passim
960 4182 1008 4256 ille¹
1019 4195 1046 4237 et
1059 4185 1109 4238 alii.
1128 4183 1239 4238 Colerus
1251 4203 1316 4237 vero

243 4266 404 4321 Sabinorum
421 4261 562 4330 oppidum
582 4271 612 4313 ut
624 4263 752 4322 Itomam',
803 4261 1314 4332 Parergmap.xxuvmdocuitdifferens
