2852 4982
334 854 436 963 AD
483 853 931 966 LECTOREM.

109 1895 176 2002 ΕΝ
193 1943 304 2002 totum
320 1927 445 2017 habes,
461 1929 603 2018 Lector,
621 1925 833 2004 Amatorium
848 1929 1026 2006 Nasotmtt
1040 1957 1050 2004 z
1066 1955 1168 2032 supe-

109 2094 170 2151 rest
192 2095 232 2154 ut
254 2077 409 2154 eumdem
430 2078 495 2152 tibi
516 2106 607 2152 nunc
632 2077 850 2155 exhibeamus
875 2109 961 2184 opus
984 2097 1173 2156 moventem

108 2224 226 2324 majus,
245 2243 280 2300 ct
296 2225 340 2300 ad
355 2226 567 2302 Homericam
581 2255 690 2329 prope
708 2226 927 2324 dignitatem,
951 2245 985 2303 ct
1001 2228 1174 2303 Maronia-
1207 2261 1210 2279 ¹

108 2401 179 2447 nam
194 2373 392 2472 elegantiam
408 2403 479 2448 non
497 2375 544 2450 ita
558 2403 635 2450 raro
657 2373 949 2467 accedentem,in
912 2376 1093 2452 meximio
1109 2375 1170 2452 illo

108 2525 261 2616 carmine,
281 2525 375 2627 quod
389 2488 557 2601 derorum
575 2525 611 2600 T
608 2526 907 2627 rottssonnaltombus
912 2526 1131 2638 consempsrt

151 2677 233 2752 Mox
248 2678 427 2780 procedet,
447 2678 603 2782 Tempora
615 2671 835 2782 perlatam
834 2671 1170 2776 arnmodrgotturuS,

107 2827 400 2928 recognitarusque
421 2827 540 2916 Sacra,

423 3132 625 3148 ...........
648 3041 1015 3164 ruotd‘toc'3m..‘i

916 3219 923 3256 i

149 3359 237 3435 Exul
252 3360 418 3462 denique,
435 3361 545 3435 mittet
560 3359 625 3434 tibi
640 3359 791 3462 Elegiae,
810 3389 866 3436 suo
879 3376 960 3434 tunc
973 3359 1092 3434 nomiae
1105 3359 1172 3434 heu

105 3505 202 3616 dictae
219 3509 350 3584 verius!
376 3509 499 3611 Sicque
516 3539 557 3584 ex
573 3538 643 3583 uno
663 3507 847 3610 eodemque
870 3509 1053 3610 scriptore,
1078 3506 1173 3608 quasi
1256 3537 1271 3590 '.

104 3656 305 3758 tripartitum
330 3673 463 3757 poetam
490 3657 619 3758 poteris
643 3654 858 3754 recolligere,
878 3655 955 3756 qui,
975 3655 1056 3728 dum
1079 3673 1173 3730 atate

102 3803 194 3882 timul
213 3824 249 3881 et
266 3805 404 3901 ingenio
423 3803 592 3893 lascivior,
611 3804 728 3890 Artis,
750 3831 850 3904 quam
865 3803 937 3904 ipse
955 3819 1173 3891 tractaverat,

102 3973 262 4058 praecepta
279 3954 440 4030 tradidit:
456 3954 597 4030 tentavit
610 3953 729 4027 deinde
744 3951 940 4049 grandiora,
957 3953 1063 4029 donec
1077 3953 1176 4028 exilio

104 4121 132 4177 et
142 4105 287 4182 miseriis
298 4105 444 4195 fractm,
463 4133 617 4208 cycneam
631 4105 774 4181 animam
786 4105 823 4179 in
833 4105 976 4202 gemitus
992 4123 1175 4208 perpetuos

105 4270 134 4325 et
149 4255 314 4354 ejulatus,
332 4273 408 4332 ante
423 4273 554 4359 tempus
570 4255 755 4333 exhalavit!
